2100 3500
485 426 580 470 266
725 420 1192 464 ANTHOLOGIA
1244 421 1532 465 LATINA.

478 512 533 561 Si
556 528 652 561 non
674 513 836 576 prima
855 512 996 563 nefas
1016 512 1152 571 belli,
1174 513 1262 563 sed
1280 513 1403 576 sola,
1427 514 1635 566 tulisses.

479 593 523 641 O
545 593 723 655 superi,
743 591 888 641 liceat
907 600 1069 643 terras
1087 593 1247 643 odisse
1269 602 1512 643 nocentes.

478 671 611 731 Quid
633 679 790 721 totum
812 674 1055 737 premitis,
1071 674 1190 737 quid
1214 682 1371 723 totum
1393 674 1643 724 absolvitis
1655 672 1823 724 orbem
1839 672 1864 722 ’ἐ

479 753 747 817 Hesperiae
768 752 950 814 clades,
969 761 1021 802 et
1040 753 1218 804 flebilis
1239 754 1373 803 unda
1392 754 1634 819 Pachyni,

486 833 550 881 Et·
574 833 789 893 Mutina,
812 840 864 882 et
884 831 1074 882 Leucas
1096 848 1247 898 puros
1271 833 1432 882 fecere
1452 832 1720 898 Philippos.

1407 914 1479 963 Ῑῠ.
1503 929 1547 962 v.
1571 917 1797 965 847-872.

1044 1089 1340 1126 ctxxxvnl.

787 1173 898 1227 The
922 1174 1235 1245 Apotheosis
1261 1180 1332 1247 of
1351 1179 1594 1251 Pompey.

574 1340 596 1367 1,,
625 1281 661 1357 ἶ,
682 1277 713 1321 Τ
736 1292 779 1341 Τ
801 1309 899 1343 non
920 1295 973 1342 iu
993 1294 1180 1343 Pharia
1199 1309 1367 1344 manes
1388 1295 1584 1344 iacuere
1605 1295 1784 1353 favilla,

498 1371 521 1405 '⁷
545 1373 563 1380 ''
653 1375 679 1432 ’λ
768 1374 873 1425 Nec
892 1376 1013 1424 cinis
1034 1376 1247 1441 exiguus
1267 1384 1457 1425 tantam
1477 1378 1774 1442 compescuit
1810 1437 1813 1440 Δ

532 1500 545 1505 r
894 1455 1120 1504 umbram
1141 1474 1155 1505 z

486 1535 727 1584 Prosiluit
745 1535 907 1590 busto,
928 1537 1261 1599 semiustaque
1281 1536 1503 1585 membra
1525 1536 1802 1601 relinquens

485 1615 890 1680 Degeneremque
911 1631 1106 1677 rogum,
1126 1618 1351 1680 sequitur
1372 1631 1594 1666 convexa
1614 1615 1867 1665 Tonantis.

484 1694 598 1756 Qua
618 1696 758 1760 niger
777 1694 1020 1743 astriferis
1041 1695 1347 1744 connectitur
1369 1696 1546 1745 axibus
1567 1704 1652 1745 aer
1673 1714 1688 1762 3

488 1775 699 1840 Quaque
718 1782 857 1841 patet
876 1783 1035 1824 terras
1054 1776 1184 1825 inter
1205 1775 1448 1840 lunaeque
1470 1785 1677 1839 meatus,

486 1855 702 1905 Semidei
723 1870 891 1905 manes
912 1855 1152 1913 habitant,
1177 1872 1301 1919 quos
1322 1857 1468 1921 ignea
1489 1859 1645 1906 virtus

485 1937 731 1987 Innocuos
750 1939 854 1986 vita
871 1938 1115 2001 patientes
1136 1936 1352 1985 aetheris
1372 1938 1459 1984 imi

488 2020 645 2082 Fecit,
665 2027 717 2068 et
736 2026 959 2067 aeternos
980 2019 1197 2067 animam
1216 2018 1414 2083 collegit
1434 2019 1487 2066 in
1508 2018 1666 2067 orbes.

491 2099 606 2147 Non
627 2099 743 2148 illuc
765 2113 887 2146 auro
908 2099 1073 2161 positi,
1095 2113 1184 2146 nec
1206 2105 1316 2146 ture
1338 2097 1520 2162 sepulti
1599 2100 1609 2112 ⁸

490 2176 804 2225 Perveniunt.
870 2175 978 2224 Illic
999 2183 1262 2240 postquam
1283 2190 1335 2225 se
1356 2175 1539 2224 lumine
1561 2191 1678 2225 vero

490 2255 724 2319 Inplevit,
743 2254 1006 2319 stellasque
1028 2270 1178 2320 vagas
1201 2257 1428 2317 miratur,
1449 2264 1500 2304 et
1521 2264 1657 2306 astra

495 2333 627 2381 Fixa
649 2330 791 2395 polis,
808 2330 931 2379 vidit
952 2339 1140 2395 quanta
1162 2331 1254 2380 sub
1274 2339 1415 2380 nocte
1436 2333 1617 2382 iaceret

499 2412 685 2462 Nostra
703 2411 820 2468 dies,
839 2411 1047 2476 risitque
1070 2413 1147 2460 sui
1168 2411 1382 2460 ludibria
1404 2414 1583 2461 trunci.

496 2493 625 2542 Hinc
648 2507 795 2556 super
815 2491 1076 2539 Emathiae
1093 2507 1308 2555 campos,
1330 2499 1381 2539 et
1402 2493 1545 2556 signa
1565 2493 1755 2541 cruenti

496 2572 739 2630 caesaria,
762 2587 819 2620 ac
840 2587 1036 2637 sparsas
1058 2571 1278 2619 volitavit
1299 2572 1349 2619 in
1374 2587 1585 2636 aequore
1605 2572 1815 2635 classes;

499 2651 567 2700 Et
586 2652 824 2701 scelerum
844 2651 1025 2699 vindex
1045 2652 1099 2698 in
1120 2658 1290 2699 sancto
1309 2661 1507 2715 pectore
1528 2650 1673 2700 Bruti

499 2730 658 2794 Sedit,
679 2739 730 2780 et
750 2732 919 2781 invicti
939 2730 1105 2797 posuit
1126 2745 1179 2778 se
1201 2738 1364 2779 mente
1388 2728 1605 2780 Catonis.

1394 2812 1499 2860 Lib.
1523 2811 1589 2860 ix.
1616 2826 1663 2861 v.
1693 2815 1814 2860 1-18.
1870 2846 1880 2859 .
