2100 3500
744 461 1059 514 ormws.
1485 482 1583 532 ²1⁹

826 624 939 660 CLV.

631 729 877 783 Remedia
903 730 1133 783 Amoris.

276 926 317 1003 ἶ,
361 912 447 994 '¹5
580 954 798 1011 tempore
819 955 1042 1012 prosunt,

348 1009 389 1028 ⁸*
395 994 449 1073 4)
518 1027 586 1076 Et
605 1027 721 1076 data
741 1042 838 1076 non
859 1035 975 1091 apto
998 1035 1216 1092 tempore
1240 1028 1351 1075 vina
1372 1034 1562 1078 nocent.

200 1106 339 1167 Quin
359 1107 507 1154 etiam
530 1105 762 1154 accendas
784 1107 922 1167 vitia,
945 1107 1212 1171 inritesque
1235 1106 1470 1171 vetando3

268 1186 590 1250 Temporibus
613 1188 654 1235 si
676 1202 775 1235 non
796 1187 1083 1252 adgrediare
1105 1189 1222 1237 suis.

201 1269 341 1332 Ergo
362 1268 450 1316 ubi
472 1268 602 1316 visus
624 1269 720 1316 eris
741 1275 937 1318 nostrae
959 1269 1261 1318 medicabilis
1282 1269 1396 1331 arti,

267 1348 368 1396 Fac
388 1348 584 1396 monitis
607 1347 770 1412 fugias
790 1350 890 1396 otia
910 1350 1069 1413 prima
1093 1350 1227 1397 meis.

203 1428 363 1491 Haec,
376 1434 434 1476 ut
454 1444 600 1486 ames,
615 1429 831 1479 faciunt:
866 1429 1004 1489 haec,
1016 1429 1147 1493 quod
1167 1429 1340 1492 fecere,
1359 1437 1583 1483 tuentum

271 1508 407 1556 Haec
430 1515 543 1556 sunt
561 1507 758 1556 iucundi
778 1523 925 1557 causa
946 1509 1179 1572 cibusque
1200 1509 1329 1558 mali.

203 1588 326 1637 Otia
348 1589 389 1636 si
413 1587 569 1644 tollas,
591 1588 779 1652 periere
802 1587 1059 1652 Cupidinis
1082 1605 1242 1650 arcus,

265 1667 649 1738 Centemtaeque
671 1669 831 1717 iacent
850 1676 902 1717 et
923 1670 1027 1717 sine
1051 1668 1175 1730 luce,
1198 1668 1349 1717 faces.

201 1749 366 1810 Quam
389 1748 617 1813 platanus
639 1749 752 1798 vino
771 1749 970 1814 gaudet,
992 1766 1138 1814 quam
1163 1749 1370 1816 populus
1393 1750 1540 1812 unda,

266 1830 333 1879 Et
354 1846 501 1895 quam
521 1830 693 1879 limosa
714 1846 871 1879 canna
889 1830 1122 1894 palustris
1139 1831 1304 1888 humo,

202 1909 330 1958 Tam
345 1910 519 1958 Venus
536 1911 637 1958 otia
655 1917 801 1959 amat.
857 1910 955 1970 Qui
972 1910 1114 1958 finem
1135 1911 1327 1973 quaeris
1345 1911 1573 1959 amoris-

269 1989 417 2040 Cedit
438 2006 576 2040 amor
595 1991 886 2040 rebus-res
909 2007 1016 2055 age,
1038 1999 1178 2039 tutus
1199 1992 1310 2041 eriS.

202 2072 454 2137 Languor,
477 2079 527 2120 et
548 2071 772 2120 inmodici
795 2071 886 2120 sub
907 2070 1041 2119 nullo
1065 2071 1251 2119 vindice
1274 2072 1448 2132 somni,

266 2151 511 2215 Aleaque‚
530 2159 581 2199 et
600 2151 752 2199 multo
776 2159 997 2215 tempora
1018 2167 1196 2215 quassa
1216 2167 1350 2201 mero
1512 2134 1517 2145 ¹

203 2233 435 2296 Eripiunt
456 2247 622 2279 omnes
644 2232 816 2279 animis
839 2232 944 2279 sine
965 2230 1161 2279 vulnere
1185 2247 1374 2281 nervos.

267 2311 464 2360 Adfluit
485 2312 691 2358 incautis
711 2311 974 2359 insidiosus
994 2312 1166 2359 Amor.

207 2391 455 2439 Desidiam
477 2406 599 2454 puer
622 2389 703 2437 ille
721 2391 858 2454 sequi
880 2390 1015 2441 solet.
1090 2390 1208 2439 Odit
1228 2398 1440 2456 agentes.

264 2471 347 2518 Da
369 2484 550 2517 vacuae
572 2470 740 2529 menti,
762 2485 860 2533 quo
883 2476 1124 2532 teneatur,
1146 2486 1282 2530 opus.

202 2551 330 2600 Sunt
353 2549 461 2598 fora
484 2568 497 2598 t
531 2557 646 2620 sunt.
664 2549 821 2614 leges:
856 2558 989 2611 sunt,
1010 2565 1132 2614 quos
1155 2564 1354 2606 tuearis,
1376 2550 1548 2600 amici:

265 2630 415 2678 Vade
436 2645 525 2694 per
546 2629 761 2678 urbanae
782 2630 1035 2694 splendida
1057 2640 1219 2679 castra
1238 2639 1396 2695 togae.

201 2709 301 2759 Vel
324 2718 380 2758 tu
401 2710 656 2773 sanguinei
680 2709 922 2758 iuvenalia
943 2726 1148 2758 munera
1172 2711 1349 2759 Martis

265 2790 470 2854 Suscipe
490 2807 501 2838 :
536 2787 738 2837 deliciae
761 2791 859 2838 iam
882 2790 971 2839 tibi
993 2799 1133 2857 terga
1154 2789 1357 2840 dabunt.

1213 2886 1258 2919 v.
1288 2875 1510 2919 131-154.
