2100 3500
541 423 600 468 56
825 414 1287 458 ANTHOLOGJA
1338 417 1622 460 LATINA.

599 508 670 558 So.
704 507 839 567 Quid
860 509 1013 574 igitur
1033 508 1215 570 obstat,
1232 524 1358 573 quor
1378 524 1478 558 non
1498 510 1620 559 fiant
1636 511 1662 559 ἵ

602 589 672 640 Si.
1692 592 1901 643 Audies.

535 667 711 717 Formo
729 669 781 717 in
799 667 971 719 diebus
989 669 1177 732 paucis,
1198 668 1378 731 quibua
1398 669 1518 720 haec
1535 676 1648 721 acta
1668 681 1805 732 sunt,

534 747 742 813 Chrysis
765 750 922 797 vicina
941 748 1063 796 haee
1084 749 1308 798 moritur.

600 830 669 876 So.
1370 829 1415 880 Ο
1437 829 1620 877 factum
1641 829 1768 879 bene
1786 852 1799 882 ε

534 908 732 958 Beastiz
767 908 814 956 ei
835 909 988 958 metui
1010 924 1041 957 a
1062 906 1324 974 Chryside.

597 990 660 1037 Si.
1398 990 1471 1039 Ibi
1495 999 1599 1040 tum
1622 991 1755 1040 filius

533 1068 658 1118 Cum
680 1067 796 1130 illis,
819 1069 905 1132 qui
927 1076 1156 1119 amarant
1173 1068 1481 1133 Chrysidem,
1502 1086 1602 1118 una
1623 1070 1797 1120 aderat
1816 1071 1916 1121 fre-

723 1164 879 1212 quens
897 1168 912 1198 z

529 1227 756 1278 Curabat
774 1244 874 1276 una
894 1228 1075 1278 funus:
1110 1229 1266 1276 tristis
1286 1229 1498 1290 interim,

531 1306 644 1354 Non
659 1322 926 1370 numquam
941 1306 1349 1356 oonlaerumabat.
1381 1307 1578 1358 Placuit
1588 1315 1695 1358 tum
1711 1309 1761 1358 id
1775 1310 1913 1359 mihi.

532 1385 612 1435 Sic.
633 1385 905 1451 cogitabam
927 1392 941 1415 ⁶
966 1386 1048 1434 hie
1069 1401 1248 1449 parvae
1267 1387 1633 1437 consuetudinis

527 1465 694 1514 Causa
712 1465 859 1513 huius
876 1471 1085 1513 mortem
1109 1472 1210 1513 tam
1230 1465 1328 1514 fert
1347 1465 1654 1517 familiariter
1669 1488 1684 1517 ε

528 1544 661 1604 Quid
677 1544 719 1593 si
733 1545 839 1608 ipse
856 1550 1069 1592 amasset
1083 1545 1107 1592 ’ἐ
1138 1545 1256 1608 quid
1270 1545 1350 1593 hie
1372 1546 1494 1595 mihi
1511 1546 1659 1597 faciet
1669 1549 1803 1612 patri
1818 1548 1866 1597 Ρ

526 1625 665 1674 Haeo
684 1638 779 1688 ego
799 1624 1032 1689 putabam
1054 1640 1161 1673 esse
1183 1626 1348 1673 omnia
1367 1624 1568 1674 humani
1589 1627 1759 1691 ingeni

527 1703 875 1769 Mansuetique
895 1705 1047 1754 mimi
1069 1704 1240 1755 officia.
1274 1704 1406 1765 Quid
1426 1705 1593 1756 multis
1615 1723 1779 1758 moror
1793 1708 1819 1757 ἲ

527 1786 735 1850 Egomet
755 1802 948 1851 quoque
969 1788 1076 1834 eius
1094 1802 1244 1835 eausa
1262 1787 1313 1835 in
1334 1786 1481 1835 funus
1502 1788 1700 1852 prodeo,

527 1865 614 1915 Nil
634 1868 782 1915 etiam
805 1868 1062 1931 suspicans
1079 1867 1213 1917 mali.

590 1946 666 1997 So.
1240 1946 1369 1996 Hem
1393 1946 1511 2010 quid
1532 1953 1606 1995 est
1624 1946 1648 1995 ?

591 2028 660 2077 Si.
1679 2024 1827 2077 Scies.

526 2108 772 2157 chertur.
805 2108 954 2155 Imus,
993 2106 1191 2155 Interea
1211 2107 1341 2154 inter
1360 2105 1608 2167 mulieres,

526 2189 664 2249 Quae
685 2188 753 2237 ibi
775 2187 995 2244 aderant,
1015 2187 1143 2235 forte
1168 2201 1316 2234 unam
1336 2186 1519 2251 aspicio
1545 2185 1821 2237 adulescen-

717 2267 886 2324 tulam,

523 2347 707 2397 Forma

588 2423 662 2473 So.
789 2421 930 2470 Bona
951 2420 1177 2471 fortasse.

586 2503 652 2553 si.
1225 2500 1291 2549 Et
1310 2500 1462 2563 voltu,
1486 2500 1643 2562 Sosia,

522 2583 667 2632 Adeo
686 2581 925 2641 modesto,
949 2580 1073 2629 adeo
1094 2587 1317 2640 venusto,
1340 2587 1397 2628 ut
1419 2580 1488 2628 nil
1510 2596 1673 2645 supra.

521 2660 663 2722 Quae
684 2677 831 2726 quom
853 2660 976 2710 mihi
995 2659 1256 2709 lamentari
1276 2667 1472 2724 praeter
1491 2669 1677 2709 oeteras

522 2741 712 2803 visast,
731 2748 783 2791 et
801 2742 918 2806 quia
937 2747 1044 2791 erat
1065 2740 1225 2789 forma
1242 2747 1438 2803 praeter
1457 2748 1645 2790 ceteras

525 2821 744 2872 Honesta
765 2836 824 2871 ao
840 2819 1050 2884 liberali,
1073 2818 1248 2871 aooedo
1266 2818 1336 2881 ad,
1349 2819 1654 2885 pedisequas,
