2100 3500
517 405 605 452 ωε
803 398 1269 446 ANTHoLoaM
1322 395 1611 440 LATINA.

1083 596 1310 632 mxlv.

907 701 1185 755 Aeneidos,
1269 700 1394 755 Lib.
1425 700 1497 755 iv.

884 826 1014 876 Dido
1033 825 1308 890 reproaches
1327 826 1522 875 AEmas.

545 924 555 936 '
604 972 615 991 ¹
651 900 748 992 3235
762 922 807 970 Τ
827 923 1000 984 regina
1022 920 1336 985 dolos—quis
1358 920 1531 970 fallere
1554 921 1709 985 possit
1727 935 1895 969 aman-

528 1048 669 1135 ...ja
689 1065 749 1129 ΞΝ
792 1082 1092 1143 Praesensit‚
1125 1090 1384 1146 motusque
1414 1081 1611 1145 excepit
1641 1082 1805 1145 prima

700 1161 909 1222 futuros,

513 1242 689 1289 Omnia
708 1247 817 1289 tuta
838 1241 1033 1294 timens.
1100 1240 1284 1289 Eadem
1307 1242 1460 1306 impia
1478 1240 1634 1290 Fama
1660 1241 1846 1290 furenti

513 1321 704 1370 Detulit
724 1321 907 1369 armari
926 1321 1131 1370 classem
1151 1336 1445 1385 cursumque
1466 1323 1652 1386 parari.

513 1398 679 1448 Saevit
699 1401 840 1463 inops
862 1401 1013 1449 animi
1046 1408 1301 1465 totamque
1324 1402 1520 1450 incensa
1540 1416 1631 1466 per
1652 1401 1826 1450 urbem

512 1478 807 1540 Bacchatur,
830 1480 989 1543 qualis
1011 1482 1266 1529 commotis
1285 1481 1450 1529 excita
1469 1482 1622 1529 sacris

511 1558 717 1623 Thyias,
740 1560 827 1609 ubi
847 1560 1014 1609 audito
1035 1560 1290 1609 stimulant
1310 1561 1558 1609 trieterica
1578 1561 1777 1609 Baccho

514 1637 668 1702 Orgia
689 1648 1055 1704 nocturnusque
1076 1648 1217 1689 vocat
1236 1640 1450 1689 clamore
1471 1641 1762 1691 Cithaeron.

512 1717 729 1768 Tandem
754 1719 833 1769 his
854 1722 1060 1770 Aenean
1083 1721 1342 1786 compellat
1365 1721 1569 1770 vocibus
1587 1720 1745 1770 ultro:

576 1799 898 1848 Dissimulare
919 1803 1066 1849 etiam
1090 1803 1315 1865 sperasti,
1337 1801 1540 1865 perfide,
1562 1809 1756 1850 tantum

512 1878 661 1928 Posse
683 1881 839 1943 nefas,
860 1882 1137 1945 tacitusque
1158 1897 1266 1931 mea
1286 1882 1515 1931 decedere
1539 1890 1674 1930 terra
1688 1883 1713 1931 1>

513 1962 617 2010 Nec
635 1969 683 2009 te
705 1970 870 2010 noster
891 1978 1045 2023 amor,
1070 1978 1159 2011 nec
1181 1970 1230 2011 te
1251 1961 1367 2011 data
1386 1963 1592 2010 dextera
1613 1961 1861 2024 quondam

514 2040 620 2090 Nec
641 2042 881 2090 moritura
903 2050 1036 2091 tenet
1057 2043 1245 2090 crudeli
1264 2042 1437 2091 funere
1459 2041 1589 2091 Dido
1605 2042 1629 2089 ἲ

513 2120 647 2180 Quin
668 2123 814 2170 etiam
837 2122 1044 2171 hiberno
1064 2122 1250 2171 moliris
1270 2122 1430 2171 sidere
1451 2122 1672 2177 classem,

512 2201 579 2249 Et
601 2200 773 2249 mediis
794 2215 1024 2266 properas
1045 2202 1356 2266 aquilonibus
1378 2202 1449 2249 ire
1470 2217 1559 2265 per
1579 2201 1752 2263 altum,

511 2279 738 2332 Crudelis
751 2280 775 2329 ἲ
810 2280 981 2340 Quid?
1016 2283 1059 2329 si
1079 2297 1177 2330 non
1199 2296 1318 2330 arva
1340 2281 1502 2330 aliena
1522 2280 1789 2346 domosque

514 2362 717 2426 Ignotas
739 2370 946 2427 peteres,
969 2370 1019 2411 et
1040 2361 1193 2411 Troia
1213 2363 1417 2425 antiqua
1437 2368 1674 2422 maneret,

512 2442 662 2491 Troia
686 2458 773 2507 per
792 2442 1034 2490 undosum
1058 2451 1310 2506 peteretur
1328 2440 1564 2490 classibus
1587 2455 1774 2504 aequor
1787 2441 1812 2488 ’ὲ

513 2523 659 2572 Mene
675 2523 809 2588 fugis
823 2523 847 2572 ἵ
901 2522 999 2571 Per
1018 2538 1110 2588 ego
1130 2522 1221 2572 has
1252 2523 1477 2572 lacrimas
1505 2520 1831 2584 dextramque

706 2612 840 2653 tuam
862 2610 925 2663 te,

515 2682 722 2741 Quando
744 2682 876 2731 aliud
898 2682 1019 2731 mihi
1041 2683 1139 2732 iam
1160 2683 1364 2732 miserae
1386 2681 1507 2729 nihil
1531 2682 1637 2745 ipsa
1654 2680 1846 2745 reliquh

519 2759 612 2808 Per
633 2762 877 2810 connubia
898 2770 1084 2824 nostra,
1106 2778 1194 2827 per
1215 2763 1432 2826 inceptos
1453 2761 1768 2825 hymenaeos,

516 2839 569 2886 Si
593 2840 713 2887 bene
735 2840 854 2903 quid
875 2839 935 2889 de
957 2848 1007 2889 te
1031 2843 1206 2903 merui,
1228 2841 1323 2890 fuit
1343 2848 1431 2889 aut
1452 2840 1544 2890 tibi
1566 2840 1826 2906 quicquam
