2100 3500
861 393 979 437 sm
992 395 1169 438 Tws.
1591 414 1678 460 291

292 484 552 536 Caelatum
572 501 781 552 pugnas,
804 487 961 536 saevis
982 494 1034 536 et
1056 488 1184 537 forte
1206 489 1460 539 rubentem

292 567 542 617 Bellorum
562 566 765 615 maculis
787 565 1021 625 acclinem
1041 576 1094 617 et
1111 570 1351 632 conspicit
1372 570 1596 635 hastam3

293 646 560 695 Infremuit
579 646 821 710 torsitque
841 661 1014 710 genas,
1035 653 1088 695 et
1108 647 1272 697 fronte
1294 648 1468 698 relicta

294 725 565 774 Surrexere
586 740 755 774 comae
773 743 789 788 3
826 740 1074 789 nusquam
1094 726 1326 775 mandata
1345 730 1579 792 parentis,

293 805 553 869 Nusquam
572 804 792 853 occultus
814 820 972 862 amor,
995 813 1199 869 totoque
1225 806 1278 855 in
1301 815 1498 872 pectore
1522 810 1671 857 Troia

486 892 576 933 est.

356 963 433 1013 Ut
449 963 545 1021 leo,
566 970 787 1012 materno
808 981 958 1028 quum
981 973 1154 1031 raptus
1175 966 1236 1014 ab
1258 966 1408 1015 ubere
1430 983 1591 1017 mores

292 1043 503 1107 Accepit
523 1044 749 1106 pectique
773 1043 912 1092 iubas
935 1043 1278 1107 hominemque
1295 1046 1454 1093 vereri

290 1122 524 1183 Edidicit‚
545 1122 803 1186 nullasque
825 1124 928 1171 ruit
949 1125 1042 1172 nisi
1069 1125 1230 1173 iussus
1254 1126 1305 1172 in
1326 1126 1446 1181 iras,

293 1202 347 1252 Si
367 1202 517 1252 semel
536 1202 745 1251 adverso
763 1202 976 1252 radiavit
995 1203 1183 1253 lumine
1205 1206 1408 1266 ferrum,

291 1283 499 1332 Eiurata
518 1283 641 1330 fides
662 1281 971 1347 domitorque
993 1284 1235 1341 inimicus,
1257 1286 1309 1333 in
1331 1284 1468 1333 illum

290 1361 458 1411 Prima
480 1363 652 1420 fames,
671 1361 940 1426 timidoque
959 1363 1113 1427 pudet
1134 1365 1341 1413 servisse
1362 1366 1612 1429 magistro.

353 1441 428 1490 Ut
451 1457 566 1490 vero
586 1442 789 1490 accessit
809 1444 1012 1506 propius
1036 1442 1223 1507 luxque
1245 1443 1440 1492 aemula
1462 1445 1650 1493 vultum

289 1520 521 1571 Reddidit
541 1528 594 1569 et
614 1520 765 1569 simili
786 1536 838 1569 se
863 1521 1061 1569 tandem
1081 1522 1207 1570 vidit
1232 1523 1284 1570 in
1304 1537 1442 1579 euro,

290 1602 499 1650 Horruit
519 1600 812 1665 erubuitque
834 1601 991 1650 simul.
1061 1601 1201 1649 Tunc
1224 1617 1336 1650 acer
1356 1600 1534 1650 Ulixes

289 1680 537 1728 Admotus
554 1680 697 1728 lateri
716 1679 960 1728 submissa
980 1696 1122 1730 vocet
1178 1682 1193 1708 ‘
1216 1680 1349 1740 Quid
1371 1681 1545 1730 haeres
1561 1683 1584 1729 ’1)

291 1760 516 1822 Scimus‚'
539 1761 628 1822 ait,
652 1761 667 1787 ‘
691 1767 747 1808 tu
769 1760 981 1808 semiferi
1004 1759 1235 1809 Chironis
1256 1760 1501 1818 alumnus,

291 1840 369 1889 Tu
386 1840 511 1891 caeli
530 1840 790 1905 pelagique
808 1854 989 1905 nepos;
1024 1847 1075 1888 te
1094 1840 1278 1888 Dorica
1295 1840 1483 1902 classis,

291 1920 363 1969 Te
380 1929 468 1970 tus
489 1922 737 1984 suspensis
758 1927 986 1985 expectat
1007 1918 1224 1969 Graecia
1245 1921 1416 1985 signis,

289 1999 501 2064 Ipsaque
523 2000 621 2047 iam
642 1998 804 2047 dubiis
822 2006 1000 2048 nutant
1022 1999 1114 2048 tibi
1135 1997 1383 2064 Pergama
1403 2001 1571 2049 muris.

292 2080 400 2141 Eia,
422 2095 533 2145 age,
555 2094 728 2144 rumpe
748 2093 938 2143 moras3
973 2080 1080 2127 sine
1101 2078 1292 2144 perfida
1312 2079 1494 2143 palleat
1513 2081 1620 2142 Ide,

290 2159 355 2208 Et
376 2159 513 2208 iuvet
528 2158 649 2208 haec
670 2159 841 2207 audire
861 2166 1072 2223 petrem,
1091 2158 1371 2223 pudeatque
1392 2159 1608 2208 dolosam

292 2238 372 2288 Sic
391 2255 484 2304 pro
503 2247 555 2288 te
574 2240 795 2288 timuisse
817 2238 1035 2287 Thetin?
1099 2239 1206 2287 Iam
1227 2247 1397 2303 pectus
1419 2242 1601 2289 amictu

289 2320 534 2382 Iactabam,
553 2335 705 2384 quum
724 2319 910 2384 grande
931 2319 1069 2381 tuba,
1092 2320 1162 2368 sic
1183 2321 1363 2381 iussus,
1384 2319 1608 2384 Agyrtes

289 2401 548 2465 Insonuit3
583 2401 785 2465 fugiunt
805 2400 1026 2449 disiectis
1047 2399 1266 2462 undique
1288 2397 1448 2458 donis,

288 2481 642 2546 lnplorentque
662 2488 854 2545 patrem
874 2487 1214 2542 commotaque
1235 2479 1424 2543 proelia
1445 2478 1667 2529 credunt.

290 2561 431 2611 Illius
453 2562 668 2609 intactae
689 2558 905 2609 cecidere
926 2575 958 2607 a
976 2567 1172 2624 pectore
1194 2566 1365 2607 vestes.

289 2641 396 2690 Iam
417 2641 604 2705 clipeus
623 2640 915 2703 breviorque
934 2654 1085 2687 manu
1106 2639 1412 2687 consumitur
1433 2638 1652 2701 hasta,-

290 2719 425 2769 Mire.
445 2720 569 2770 fides
587 2719 990 2783 l-lthacumque
1012 2718 1232 2767 humeris
1253 2718 1489 2768 excedere
1512 2722 1645 2769 visus

292 2801 627 2866 Aetolumque
649 2799 848 2850 dueem=
881 2807 1076 2849 tantum
1100 2797 1263 2847 subita.
1287 2814 1425 2848 arma
1445 2800 1674 2863 calorque
