2100 3500
572 463 666 509 324
860 446 1327 488 ΑΝΤΗοιοοιΑ
1379 445 1463 488 LA
1475 447 1666 490 TINA.

629 539 754 589 Cras
773 546 906 588 amet
924 540 1009 603 qui
1030 554 1285 603 nunquam
1307 540 1508 602 amavit,
1530 541 1722 605 quique
1744 544 1928 590 amavit

755 633 868 668 eras
889 624 1037 667 amet.

635 698 754 762 Ipsa
777 699 938 755 iussit,
957 712 1101 746 mane
1122 704 1254 746 totae
1277 698 1491 762 virgines
1511 700 1705 747 nubant
1725 715 1896 750 rosae:

628 779 783 826 Facta
802 777 1036 841 Cypridis
1058 777 1119 825 de
1141 792 1318 826 cruore
1339 777 1495 840 deque
1517 777 1727 826 Amoris
1749 779 1924 827 osculis

629 845 804 922 Deque
838 857 1043 921 gemmis
1077 857 1236 920 deque
1265 857 1478 904 fiammis
1512 856 1671 920 deque
1706 856 1826 905 solis
1846 872 1950 921 pur-

753 938 907 1002 puris».

634 1015 761 1065 Cras
783 1017 1031 1077 ruborem,
1057 1016 1143 1079 qui
1164 1015 1352 1063 latebat
1374 1022 1508 1064 veste
1529 1022 1690 1064 tectus
1714 1017 1878 1080 ignea,

628 1096 789 1145 Unico
809 1104 925 1144 noto
945 1097 1127 1144 marita
1147 1110 1245 1143 non
1266 1095 1471 1159 pudebit
1493 1095 1695 1145 solvere.

566 1175 689 1225 Cras
723 1182 853 1224 amet
888 1178 974 1239 qui
1009 1191 1265 1239 nunquam
1303 1176 1504 1237 amavit,
1534 1176 1722 1239 quique
1758 1177 1938 1224 amavit

755 1271 866 1304 cras
887 1263 1032 1303 amet..

626 1335 746 1399 Ipsa
766 1334 1027 1399 Nymphas
1051 1335 1166 1383 diva
1188 1324 1296 1383 luco
1319 1336 1461 1383 iussit
1482 1336 1553 1383 ire
1574 1342 1799 1399 myrteo:

629 1415 678 1462 It
698 1430 823 1479 puer
842 1430 1003 1462 eomes
1025 1413 1219 1479 puellis,
1243 1429 1333 1462 nec
1355 1422 1519 1462 tamen
1539 1414 1674 1461 credi
1695 1422 1860 1478 potest

631 1495 752 1542 Esse
773 1493 1012 1542 Amorem
1035 1494 1284 1556 feriatum,
1306 1494 1349 1542 si
1370 1495 1577 1558 sagittas
1598 1496 1806 1544 vexerit.

630 1575 706 1623 Ite
730 1574 991 1640 Nymphae
1004 1594 1018 1623 ε
1054 1576 1219 1639 posuit
1238 1589 1393 1631 arma,
1416 1574 1621 1623 feriat-us
1641 1582 1717 1623 est
1734 1575 1915 1625 Amor:

633 1656 804 1704 Iussus
825 1664 900 1703 est
921 1655 1121 1703 inermis
1144 1656 1233 1716 ire,
1253 1654 1416 1702 nudus
1438 1655 1511 1702 ire
1531 1655 1693 1702 iussus
1713 1663 1808 1716 est,

634 1736 742 1785 Neu
758 1735 876 1800 quid
892 1750 1011 1784 arcu
1027 1750 1125 1784 neu
1149 1735 1330 1801 sagitta
1346 1750 1440 1784 neu
1453 1734 1572 1798 quid
1591 1735 1705 1800 igne
1724 1736 1940 1785 laederet.

632 1815 730 1864 Sed
743 1823 909 1864 tamen
924 1814 1192 1880 Nymphae
1205 1823 1388 1872 cavete,
1402 1815 1532 1879 quod
1547 1814 1742 1880 Cupido
1754 1818 1946 1882 pulcher

757 1903 859 1947 est:

635 1977 728 2025 Est
743 1978 792 2025 in
812 1978 962 2025 armis
981 1984 1116 2026 totus
1133 1976 1280 2038 idem,
1296 1976 1493 2040 quando
1513 1975 1676 2025 nudus
1688 1986 1765 2025 est
1778 1978 1938 2025 Amor.

565 2055 690 2105 Cras
721 2065 853 2105 amet
885 2059 970 2121 qui
1001 2072 1255 2121 nunquam
1285 2057 1487 2118 amavit,
1519 2057 1704 2120 quique
1739 2059 1912 2105 amavit

756 2152 867 2185 cras
892 2145 1033 2185 amet.

631 2214 847 2281 Conpari
870 2216 1044 2265 Venus
1065 2216 1252 2281 pudore
1272 2216 1428 2265 mittit
1448 2215 1511 2264 ad
1531 2223 1581 2264 te
1605 2217 1841 2281 virgines:

629 2294 746 2344 Una
764 2312 844 2345 res
865 2303 944 2345 est
962 2312 1111 2360 quam
1132 2312 1390 2360 rogamus:
1425 2295 1541 2344 oede
1563 2297 1704 2360 virgo
1724 2296 1880 2352 Delia,

630 2375 704 2424 Ut
725 2391 895 2424 nemus
918 2377 984 2425 sit
1004 2378 1314 2428 incruentum
1336 2377 1397 2424 de
1421 2376 1594 2425 ferinis
1615 2377 1860 2441 stragibus

627 2457 695 2505 Et
714 2457 992 2505 recentibus
1011 2459 1225 2506 virentes
1247 2457 1395 2506 ducat
1413 2457 1614 2506 umbras
1632 2457 1846 2506 floribus.

627 2537 798 2596 Vellet
819 2538 976 2601 ipsam
997 2544 1047 2587 te
1069 2552 1264 2602 rogare,
1279 2539 1324 2587 si
1345 2538 1573 2602 pudicam
1593 2536 1835 2587 flecteret:

597 2675 602 2680 .
625 2618 743 2681 Ipsa
763 2617 908 2666 vellet
927 2623 985 2666 ut
1004 2618 1215 2678 venires,
1240 2618 1282 2667 si
1300 2617 1493 2667 deceret
1514 2619 1770 2682 virginem.

624 2697 734 2745 Iam
748 2698 914 2766 ¹tribus
935 2697 1112 2747 choros
1131 2698 1323 2747 videres
1346 2698 1550 2748 feriatos
1569 2696 1796 2746 noctibus

622 2774 907 2839 congreges
927 2778 1059 2826 inter
1078 2783 1302 2825 catervas
1323 2778 1396 2825 ire
1415 2792 1506 2841 per
1529 2776 1685 2825 saltus
1707 2784 1830 2837 tuos,

623 2851 827 2902 Floreas
848 2855 978 2903 intm·
993 2871 1220 2903 coronas·
1239 2865 1457 2919 myrteas
1479 2858 1609 2905 inter
1628 2871 1780 2905 casas.
