2100 3500
685 421 814 466 oza
831 421 1167 466 Umamss,
1522 439 1612 483 337

237 515 357 576 Iret,
378 522 429 563 et
449 521 637 564 arceret
656 514 876 565 dominos
897 515 1073 565 tellure
1094 531 1327 576 reversos»,

236 597 501 643 Armatam
521 596 729 645 ostensis
750 597 903 644 aciem
919 596 1090 645 fudere
1112 596 1339 658 flagellis.

236 676 399 729 Notus
421 675 484 724 ab
504 676 708 740 inceptis
728 676 942 740 ignobile
963 677 1179 742 reppulit
1200 675 1374 725 horror

238 756 455 818 Vulgus,
474 765 525 804 et
546 756 784 806 adductus
804 758 897 807 sub
917 758 1117 806 verbere
1140 758 1326 819 torpuit
1346 757 1494 806 ensis·

395 837 456 885 In
476 836 775 902 Eutropium,
796 838 902 888 Lib.
926 840 958 887 i.
980 855 1020 888 v.
1045 843 1257 887 443-465
1276 857 1291 902 3
1327 842 1551 887 500-513.

823 1033 980 1068 ccmu
986 1033 1041 1068 11.

667 1147 756 1199 De
783 1146 945 1200 Bello
980 1146 1182 1201 Getico·

639 1266 747 1319 The
775 1267 1037 1320 Rhaetian
1065 1266 1221 1337 Alps.

294 1416 309 1432 ⁵
333 1405 439 1473 {1⁰52
491 1405 588 1453 ΕΙ)
607 1406 752 1468 latuS,
774 1406 1040 1470 Hesperiae
1056 1422 1154 1471 quo
1171 1406 1384 1455 Rhaetia
1398 1407 1614 1469 iungitur

350 1548 376 1554 -
420 1468 470 1557 f*
649 1502 781 1549 orae,

334 1575 365 1592 -'
415 1558 420 1562 ⁸
458 1584 472 1593 ·’
521 1569 809 1633 Praeruptis
829 1568 943 1617 ferit
963 1577 1099 1618 astra
1119 1569 1267 1631 iugis,
1288 1568 1559 1632 panditque

427 1650 679 1700 terendam

243 1731 345 1780 vix
366 1740 553 1781 aestate
572 1731 715 1780 viam.
781 1730 930 1780 Multi
955 1745 1040 1780 seu
1065 1728 1295 1794 Gorgone
1320 1730 1423 1779 visa

237 1812 508 1875 Obriguere
530 1811 657 1875 gelu.
721 1812 908 1860 Multos
927 1812 1137 1861 hausere
1158 1811 1438 1876 profundae

239 1895 313 1943 Va
321 1903 396 1945 sta
413 1893 536 1942 mole
558 1894 710 1954 nives,
725 1908 932 1956 eumque
953 1892 1072 1957 ipsis
1094 1907 1239 1957 saepe
1261 1893 1478 1941 iuvencis

237 1973 307 2022 Ne
327 1973 497 2037 airaga
515 1974 742 2023 candenti
762 1982 1055 2035 merguntur
1074 1973 1300 2037 plaustra
1320 1973 1572 2022 barathro,

235 2055 492 2104 Interdum
512 2054 725 2104 subitam
746 2053 902 2118 glaeie
921 2053 1117 2102 labente
1137 2055 1331 2102 ruinam

236 2136 383 2185 Mons
405 2135 553 2195 dedit,
573 2142 623 2184 et
644 2135 838 2199 tepidus
858 2133 1147 2183 fundamina
1167 2135 1365 2183 subruit
1388 2135 1579 2183 Auster

235 2215 476 2265 Pendeuti
496 2214 623 2264 male
644 2215 744 2263 fida
766 2215 884 2264 solo,
948 2213 1047 2263 Per
1071 2215 1190 2263 talia
1209 2216 1366 2264 tendit

186 2291 198 2303 ‘
233 2296 522 2358 Frigoribus
543 2295 715 2345 modiis
739 2295 942 2344 Stilicho
962 2294 1084 2346 loca.
1155 2295 1309 2344 Nulla
1329 2294 1486 2360 Lyaei

234 2376 435 2438 Pocula,
458 2391 573 2426 rara
593 2376 766 2426 Ceres:
801 2384 970 2441 raptos
988 2384 1248 2426 contentus
1268 2378 1321 2425 in
1341 2378 1494 2425 armis

232 2457 488 2507 Delibasse
509 2458 642 2507 cibos
663 2458 953 2521 madidoque
975 2465 1210 2507 oneratus
1231 2459 1414 2506 amictu

232 2539 501 2603 Algentem
521 2538 753 2603 pulsabat
769 2552 966 2602 equum.
1033 2538 1084 2586 N
1085 2554 1141 2588 eo
1160 2537 1326 2587 mollia
1347 2538 1477 2586 fesso

231 2620 406 2669 Strata
426 2618 601 2668 dedere
622 2627 800 2668 torum.
866 2617 1106 2668 Tenebris
1128 2620 1171 2667 si
1192 2635 1338 2668 caeca
1358 2620 1585 2683 repressit

233 2700 351 2750 Nox
371 2702 488 2760 iter,
509 2708 598 2749 aut
620 2699 813 2764 spelaea
834 2700 968 2748 subit
988 2699 1256 2748 metuenda
1273 2700 1507 2756 fex-arum,

233 2782 343 2830 Aut
365 2781 600 2845 pastorali
622 2782 770 2830 iacuit
793 2779 886 2831 sub
907 2781 1118 2829 culmine
1141 2779 1298 2829 fultus

893 2877 924 2910 z
