2100 3500
801 453 1202 500 νεπσιιισε.
1632 474 1697 524 9³

298 545 513 595 Amisso
536 561 716 610 rupere
740 546 901 609 fidem,
922 556 1299 611 constructaque
1314 547 1463 597 mella

300 625 581 691 Diripuere
606 628 742 691 ipsae
763 636 814 676 et
828 630 978 677 cratis
995 629 1182 677 solvere
1197 629 1436 681 favorum.

299 706 400 755 Ille
424 722 630 771 operum
650 715 831 769 custos,
855 708 992 757 illum
1016 708 1341 770 admirantur,
1362 716 1414 758 et
1431 726 1599 759 omnes

297 785 645 836 Circumstant
667 786 866 837 fremitu
882 787 1032 837 denso
1055 790 1335 853 stipantque
1352 789 1650 854 frequentes.

300 864 375 913 Et
396 880 546 929 saepe
566 866 800 916 attollunt
853 869 1054 930 umeris,
1075 876 1126 917 et
1145 884 1351 933 corpora
1371 869 1500 918 bello

300 944 574 993 Obiectant
591 945 944 1010 pulchramque
956 954 1130 1011 petunt
1141 963 1232 1012 per
1248 947 1449 997 volnera
1469 956 1690 1001 mortem.

372 1024 471 1072 His
490 1025 689 1089 quidam
712 1027 864 1091 signis
883 1035 1032 1091 atque
1056 1026 1175 1076 haec
1197 1028 1423 1092 exempla
1443 1030 1596 1078 secuti

302 1102 434 1152 Esse
453 1105 625 1167 apibus
641 1114 831 1169 partem
852 1105 1043 1154 divinae
1067 1108 1244 1155 mentis
1264 1116 1315 1157 et
1337 1107 1544 1157 haustus

306 1182 579 1232 Aetherios
599 1184 769 1233 dixere
786 1203 802 1249 3
833 1185 980 1234 deum
1003 1201 1216 1250 namque
1238 1188 1311 1236 ire
1331 1203 1419 1252 per
1440 1188 1597 1236 omnis

305 1264 590 1327 'serrasque
606 1270 889 1328 tractusque
904 1265 1055 1314 maris
1072 1266 1355 1331 caelumque
1363 1267 1656 1332 profundum
1672 1287 1687 1332 3

306 1339 444 1388 Hinc
460 1339 692 1404 pecudeS,
705 1348 946 1401 armenta,
961 1342 1111 1403 viros,
1123 1358 1279 1407 genus
1295 1358 1437 1392 omne
1457 1343 1690 1405 ferarum,

307 1418 567 1483 Quemque
589 1419 682 1468 sibi
703 1420 866 1468 tenuis
885 1428 1166 1470 nascentem
1188 1437 1432 1472 arcessere
1455 1423 1609 1487 νίκης

308 1497 508 1547 Scilicet
529 1498 627 1547 huc
646 1499 784 1547 reddi
805 1499 979 1548 deinde
999 1516 1058 1550 ac
1078 1501 1293 1551 resoluta
1312 1503 1487 1551 referri

309 1579 506 1640 Omnia,
527 1593 618 1627 nec
634 1580 783 1628 morti
798 1595 906 1629 esse
926 1579 1102 1638 locum,
1123 1581 1207 1630 sed
1228 1582 1341 1631 viva
1359 1580 1525 1631 volare

306 1655 496 1705 Sideris
518 1657 572 1705 in
591 1672 848 1706 numerum
871 1665 1020 1723 atque
1044 1658 1145 1708 alto
1166 1660 1426 1709 succedere
1446 1659 1595 1709 caelo·

1333 1755 1377 1789 v.
1402 1742 1626 1791 nlo-227.

897 1849 1105 1886 Lxxvn.

731 1941 1253 2012 mHazzffqmn

386 2036 436 2127 ἵε,
464 2031 474 2041 N
568 2049 853 2099 ARMINE
892 2067 991 2114 quo
1017 2059 1190 2116 captae
1221 2051 1337 2100 dum
1373 2051 1497 2100 fusis
1529 2052 1694 2101 mollia

405 2117 413 2131 '
445 2131 496 2196 *¹¹
694 2145 847 2195 pensa

537 2227 546 2254 ἑ
601 2211 896 2272 Devolvunt,
913 2210 1093 2259 iterum
1106 2219 1352 2262 maternas
1367 2212 1548 2276 inpulit
1560 2213 1696 2262 auris

314 2295 507 2343 Luctus
528 2292 767 2353 Aristaei,
787 2291 1054 2355 vitreisque
1075 2291 1309 2341 sedilibus
1327 2306 1496 2341 omnes

320 2373 651 2437 Obstipuere3
687 2370 773 2419 sed
792 2377 904 2420 ante
926 2370 1050 2420 alias
1071 2371 1323 2420 Arethusa
1345 2386 1536 2420 sorores

323 2452 637 2517 Prospiciens
658 2465 848 2499 summa
867 2449 1047 2498 flavum
1068 2457 1218 2515 caput
1234 2449 1415 2500 extulit
1433 2449 1584 2510 unda,

314 2534 386 2582 Et
403 2533 602 2598 procul:
638 2533 679 2581 Ο
701 2530 885 2595 gemitu
906 2545 1003 2578 non
1021 2529 1209 2579 frustra
1225 2529 1464 2578 exterrita
1482 2536 1637 2589 tanto,

316 2613 517 2679 Cyrene
541 2625 699 2673 soror,
721 2611 828 2675 ipse
850 2610 959 2671 tibi,
982 2617 1070 2659 tua
1090 2624 1321 2658 maxuma
1340 2623 1477 2670 cura,

317 2693 502 2742 Tristis
524 2692 785 2739 Aristaeus
799 2689 952 2737 Penei
971 2688 1209 2754 genitoris
1227 2687 1291 2736 ad
1306 2686 1489 2735 undam

320 2771 435 2822 Stat
449 2771 731 2833 lacrimans,
750 2778 803 2819 et
824 2776 876 2817 te
893 2767 1140 2818 crudelem
1164 2768 1357 2816 nomine
1374 2767 1508 2816 dicit.

319 2853 453 2903 Huic
474 2865 709 2917 percussa
729 2864 855 2900 nova
874 2855 1088 2898 mentem
1107 2842 1368 2897 fotruuaeline
1391 2850 1566 2901 mater,
