2100 3500
492 448 584 505 298
775 445 1062 489 ANTHOL
1075 445 1239 489 οσιΑ
1281 447 1368 489 ΕΔ
1381 448 1568 491 rma.

618 536 761 587 Solus
781 538 890 588 luce
910 539 1037 588 nitet
1058 539 1290 604 peculiari
1311 559 1326 590 ε

618 616 765 666 Puris
785 617 962 667 leniter
981 618 1302 668 admoventur
1321 622 1472 668 astris

618 696 790 746 Celsae
809 697 1021 746 culmina
1042 697 1250 747 delicata
1269 698 1426 748 villae.

617 776 749 825 Hinc
770 784 957 842 septem
975 777 1198 827 dominos
1217 777 1383 826 videre
1405 786 1595 828 montes

617 857 686 905 Et
705 864 859 906 totam
880 858 996 906 licet
1017 858 1277 906 aestimare
1301 858 1526 919 Romam,

616 936 839 986 Albanos
861 951 1057 1001 quoque
1078 936 1413 1002 Tusculosque
1433 938 1581 987 colles

616 1016 684 1066 Et
705 1017 1027 1081 quodcunque
1046 1018 1173 1067 iacet
1192 1017 1285 1066 sub
1304 1017 1426 1066 urbe
1445 1018 1624 1083 frigus,

616 1095 828 1146 Fidenas
845 1104 1033 1147 veteres
1052 1097 1319 1160 brevesque
1338 1096 1552 1158 Rubras,

617 1176 685 1225 Et
705 1177 837 1241 quod
858 1178 1078 1242 virgineo
1095 1192 1269 1225 cruore
1289 1176 1472 1242 gaudet

617 1258 795 1305 Annae
813 1257 1107 1322 pomiferum
1126 1272 1300 1307 nemus
1321 1257 1590 1308 Perennae.

616 1335 759 1386 Illinc
777 1335 1046 1385 Flaminiae
1068 1335 1383 1400 Salariaeque

618 1414 853 1464 Gestator
873 1423 1012 1480 patet
1030 1415 1203 1464 essedo
1224 1423 1432 1473 tacente,

617 1492 696 1543 Ne
716 1494 894 1543 blando
912 1502 1023 1544 rota
1041 1496 1109 1544 sit
1128 1495 1331 1544 molesta
1353 1510 1539 1554 somno,

618 1572 778 1633 Quem
798 1590 887 1624 nec
906 1589 1136 1639 rumpere
1155 1576 1406 1624 nauticum
1428 1576 1666 1638 celeuma,

617 1652 723 1703 Nec
743 1653 928 1703 clamor
946 1655 1078 1704 valet
1095 1655 1456 1714 helciariorum,

619 1732 748 1783 Cum
768 1735 835 1783 sit
856 1741 958 1783 tam
978 1750 1132 1800 prope
1152 1734 1388 1799 Mulvius,
1409 1752 1698 1799 sacrumque

616 1812 808 1879 Lapsae
829 1830 918 1881 per
939 1815 1160 1864 Tiberim
1178 1816 1343 1866 volent
1362 1818 1572 1866 carinae.

617 1893 727 1943 Hoc
748 1910 852 1955 rus,
877 1910 964 1944 seu
984 1897 1149 1959 potius
1170 1896 1343 1946 domus
1365 1897 1582 1946 vocanda
1602 1904 1699 1961 est,

616 1973 936 2023 Commendat
957 1975 1207 2024 dominus:
1240 1984 1376 2025 tuam
1398 1976 1596 2040 putabis
1614 1996 1631 2041 3

617 2054 741 2102 Tam
762 2070 862 2102 non
881 2054 1046 2104 invida
1067 2063 1265 2119 tamque
1287 2055 1522 2118 liberalis,

618 2134 744 2183 Tam
765 2135 892 2182 comi
910 2142 1047 2198 patet
1068 2133 1412 2199 hospitalitate.

616 2214 802 2264 Credas
822 2214 1017 2263 Alcinoi
1040 2216 1149 2278 pios
1169 2213 1398 2270 Penates.

620 2294 729 2343 Aut
750 2294 868 2342 faeti
888 2294 1034 2343 modo
1055 2294 1221 2343 divitis
1242 2292 1504 2343 Molorchi.

617 2374 727 2423 Vos
748 2389 879 2423 nunc
900 2376 1066 2422 omnia
1085 2388 1239 2437 parva
1258 2375 1344 2437 qui
1367 2375 1568 2438 putatis.

617 2453 836 2504 Centeno
856 2453 1075 2517 gelidum
1093 2453 1258 2518 ligone
1280 2453 1439 2502 Tibur

615 2533 715 2583 Vel
736 2533 1002 2582 Praeneste
1023 2534 1219 2582 domate
1238 2533 1597 2598 pendulamque

616 2614 722 2663 Uni
741 2614 906 2663 dedite
929 2612 1114 2663 Setiam
1135 2613 1336 2664 colonos

616 2695 752 2743 Dum
774 2707 851 2742 me
872 2692 1030 2742 iudice
1051 2692 1396 2757 praeferantur
1417 2692 1528 2742 istis

616 2773 715 2822 Iuli
733 2774 907 2838 iugera
926 2788 1083 2837 pauca
1105 2771 1368 2821 Martialis.

1495 2850 1614 2902 lxiv·
