2100 3500
492 437 586 484 332
780 420 1248 463 ANTHOLOGIA
1302 420 1588 462 LATINA.

491 516 697 564 Nostros
719 514 951 564 aetheriis
973 515 1180 562 miseens
1202 521 1401 562 terrene
1421 496 1758 573 Prometheus,

489 596 739 644 Sinceram
761 595 924 658 patrio
944 601 1161 642 mentem
1184 593 1380 642 furatus
1402 593 1632 659 Olympo,

486 675 743 725 continuit
763 673 1010 734 claustris,
1031 673 1470 737 indignantemque
1491 676 1721 723 revinxit.

486 756 569 816 Et,
590 770 703 804 eum
724 771 822 804 non
838 754 984 804 aliter
1004 763 1203 819 possent
1227 755 1455 804 mortalia
1473 756 1614 818 fingi,

483 836 734 886 Adiunxit
752 836 987 899 geminas.
1055 835 1195 895 Illae,
1216 851 1328 883 cum
1349 851 1553 900 corpore
1574 836 1754 898 lapsae,

482 916 767 964 Intereunt=
803 916 923 965 bueo
944 915 1049 964 sola
1073 923 1258 976 manet,
1280 916 1521 980 bustoque
1538 926 1784 979 superstes

483 996 671 1045 Evolat.
742 998 882 1045 Hanc
904 996 1007 1044 alta
1026 997 1206 1060 capiti·
1227 996 1452 1045 fundavit
1473 998 1525 1044 in
1547 1012 1675 1056 aree,

483 1078 844 1126 Mandatricem
864 1091 1086 1140 operum,
1106 1085 1580 1141 prospecturamque
1601 1078 1766 1125 labori.

483 1157 600 1205 Illas
623 1157 826 1205 iuferius
846 1155 987 1217 eollo,
1009 1166 1368 1221 praeceptaque
1389 1172 1609 1206 summae

480 1237 719 1286 Passuras
738 1238 979 1298 dominae,
1000 1237 1151 1301 digna
1172 1239 1382 1287 statione
1405 1238 1669 1286 locavit.—

480 1318 584 1365 Hos
606 1318 759 1379 igitur
780 1319 823 1365 si
844 1318 955 1381 quis
978 1319 1143 1381 potuit
1164 1318 1336 1366 sedare
1358 1318 1618 1379 tumultus,

477 1397 776 1446 Inconcussa
794 1397 933 1447 dabit
955 1413 1110 1462 purae
1133 1399 1348 1447 sacraria
1369 1400 1537 1447 menti.

478 1478 558 1525 Tu
578 1477 692 1526 licet
710 1486 959 1527 extremos
980 1477 1081 1528 late
1100 1478 1351 1527 dominere
1372 1494 1460 1543 per
1485 1478 1652 1538 Indus,

476 1558 549 1606 Te
571 1557 765 1619 Medus,
787 1566 837 1607 te
859 1558 1022 1607 mollis
1043 1558 1227 1616 Arabs,
1252 1567 1300 1608 te
1327 1558 1471 1608 Seres
1493 1559 1714 1619 adorent,

479 1640 533 1688 Si
563 1641 759 1700 metuis,
777 1641 818 1688 si
840 1655 996 1704 prava
1014 1640 1170 1704 cupis,
1192 1641 1235 1688 si
1257 1639 1453 1688 duceris
1476 1642 1552 1688 ira

475 1718 672 1769 Servitii
692 1721 880 1784 patiere
902 1721 1075 1783 iugum
1087 1740 1102 1771 z
1137 1719 1369 1772 tolerabis
1389 1721 1583 1786 iniquas

474 1800 690 1849 Interius
712 1799 862 1865 leges.
933 1802 1075 1850 Tunc
1096 1803 1261 1850 omnia
1282 1803 1390 1850 iure
1413 1802 1619 1863 tenebis,

474 1882 601 1930 Cum
621 1883 804 1945 poteris
826 1897 915 1932 rex
937 1897 1041 1931 esse
1063 1883 1152 1931 tui.
1217 1882 1489 1931 Proclivior
1511 1899 1632 1932 usus

476 1961 534 2009 ln
555 1962 723 2026 peiora
743 1962 891 2011 datur
914 1962 1186 2027 suadetque
1209 1964 1404 2011 lieentia.
1423 1962 1618 2025 luxum,

473 2041 816 2105 Illeeebrisque
837 2041 1021 2091 effrena
1043 2042 1192 2092 favet.
1258 2043 1389 2092 Tum
1411 2044 1574 2092 vivere
1594 2055 1726 2093 caste

471 2122 731 2185 Asperius,
747 2138 857 2170 cum
881 2131 1077 2186 promta
1102 2121 1305 2172 Venusz
1343 2133 1448 2172 tum
1469 2123 1643 2173 durius
1664 2127 1764 2174 irae

469 2201 771 2262 Consulitur,
786 2219 900 2250 cum
921 2219 1081 2267 poena
1101 2212 1256 2268 patet.
1328 2202 1426 2253 Sed
1445 2207 1709 2269 comprime

660 2290 848 2332 motus:

468 2361 573 2410 Neo
593 2362 700 2422 tibi,
722 2362 842 2425 quid
870 2363 1034 2425 liceat,
1056 2362 1145 2412 sed
1164 2363 1283 2427 quid
1305 2365 1476 2414 fecisse
1497 2364 1702 2424 decebit,

465 2443 703 2491 occurrat
728 2451 1039 2508 mentemque
1062 2444 1224 2493 domet
1245 2454 1494 2508 respectus
1516 2445 1725 2497 honesti.

1200 2541 1245 2575 v.
1268 2530 1515 2590 214-2383
1549 2531 1771 2577 255-261.

991 2684 1328 2795 vebs»
