2100 3500
790 406 1143 453 LUCANUS.
1549 409 1643 465 ²⁶⁵

268 505 497 556 Vulturis
517 511 576 554 ut
596 504 807 568 primum
826 504 966 552 laevo
985 502 1192 550 fundata
1210 499 1377 550 volatu

261 585 504 634 Romulus
518 584 689 633 infami
711 583 972 647 complevit
991 583 1184 631 moenia
1202 580 1330 637 luen,

262 666 436 731 Usque
459 665 522 714 ed
545 664 851 714 Thessalicas
872 663 1119 725 servisses,
1142 661 1314 717 Roma,
1336 659 1518 708 ruinas.

1184 744 1257 792 Ib.
1280 757 1327 791 v·
1353 744 1578 789 391-439.

808 902 1084 938 cnmvn.

827 1006 1088 1075 Thessaly.

348 1106 504 1229 ιχ’ζᾩ]
513 1133 880 1197 HESSALIA,
900 1133 1094 1195 infelix,
1116 1147 1215 1197 quo
1237 1140 1376 1182 tanto
1400 1132 1607 1181 crimine

673 1215 819 1263 tellus

543 1294 756 1345 Laesisti
770 1310 986 1359 superos,
1001 1300 1060 1343 ut
1071 1301 1122 1343 te
1134 1301 1209 1343 tot
1222 1294 1461 1342 mortibus
1478 1307 1647 1352 unam,

259 1376 359 1426 Tot
370 1333 605 1425 scelerum
620 1376 737 1425 fetis
749 1382 1028 1440 premerent
1043 1374 1068 1423 ἲ
1104 1374 1247 1434 Quod
1266 1374 1444 1423 sufficit
1459 1388 1632 1426 aevum

262 1456 525 1505 Immemor
544 1463 603 1505 ut
622 1457 772 1505 donet
794 1455 909 1504 belli
932 1455 1024 1503 tibi
1044 1454 1225 1502 damna
1244 1461 1463 1503 vetustas
1481 1454 1504 1500 ?

261 1536 400 1596 Quae
421 1552 562 1602 seges
582 1535 765 1585 infecta
785 1542 957 1599 surget
978 1550 1076 1583 non
1096 1533 1290 1582 decolor
1310 1534 1464 1582 herbe
1477 1532 1502 1575 Ῥ

262 1617 375 1676 Quo
394 1632 494 1665 non
521 1616 768 1665 Romanos
788 1615 992 1664 violabis
1013 1630 1209 1664 vomere
1228 1629 1395 1662 manes
1412 1613 1436 1661 Ρ

259 1699 397 1748 Ante
417 1712 572 1747 novae
591 1698 788 1744 venient
808 1696 955 1758 ecies,
979 1695 1249 1759 scelerique
1273 1694 1487 1742 secundo

258 1777 544 1828 Praestabis
564 1776 783 1825 nondum
803 1777 956 1825 siccos
973 1775 1067 1825 hoc
1088 1777 1328 1839 sanguine
1348 1789 1561 1838 campos.

259 1858 439 1908 Omnis
461 1858 701 1906 maiorum
724 1862 971 1904 vertamus
989 1856 1136 1904 busta
1153 1855 1336 1914 licebit,

262 1939 328 1987 Et
347 1945 536 1988 stantes
556 1937 787 1999 tumuloS,
808 1944 861 1985 et
880 1937 965 2000 qui
985 1937 1152 1985 radice
1172 1944 1366 1986 vetusta

260 2018 495 2067 Effudere
515 2033 646 2078 suas,
666 2018 807 2065 victis
828 2017 1166 2080 compagibus,
1186 2032 1338 2065 urnas
1361 2034 1374 2065 τ

261 2098 383 2148 Plus
403 2099 622 2147 cinerum
647 2096 946 2145 Haemoniae
969 2096 1118 2145 sulcis
1140 2096 1333 2145 telluris
1354 2104 1541 2159 aratur,

260 2179 514 2242 Pluraque
538 2177 764 2225 ruricolis
787 2176 1032 2225 feriuntur
1054 2175 1281 2226 dentibus
1304 2192 1430 2226 ossa.

263 2258 443 2307 Nullus
464 2257 527 2307 ab
545 2257 779 2305 Emathio
801 2256 1060 2321 religasset
1077 2256 1222 2305 litore
1242 2257 1412 2306 funem

262 2339 462 2400 Navita,
484 2353 574 2386 nec
595 2344 778 2386 terram
802 2337 1064 2400 quisquam
1084 2341 1313 2388 movisset
1338 2346 1523 2395 arator,

264 2417 477 2468 Romani
499 2418 695 2467 bustum
714 2416 885 2482 populi
905 2434 918 2466 ε
954 2417 1281 2482 fugerentque
1302 2418 1461 2466 coloni

263 2497 567 2547 Umbrarum
586 2513 784 2561 campos
806 2515 819 2547 t
852 2497 1088 2562 gregibus
1109 2498 1311 2546 dumeta
1331 2511 1578 2548 carerentz

263 2577 539 2643 Nullusque
561 2577 763 2626 auderet
783 2578 950 2641 pecori
968 2579 1254 2641 permittere
1274 2585 1443 2641 pastor

263 2658 462 2706 Vellere
484 2664 766 2722 surgentem
789 2656 851 2705 de
869 2653 1054 2705 nost'ris
1076 2657 1268 2706 ossibus
1289 2656 1521 2721 herbam3

266 2738 359 2794 Ac,
380 2736 515 2785 velut
538 2737 797 2800 impatiens
817 2737 1089 2794 bominum,
1106 2736 1183 2785 vel
1205 2737 1318 2787 solis
1338 2737 1496 2800 iniqui

233 2818 240 2827 “
267 2815 463 2877 Limite,
488 2816 568 2865 vel
591 2818 766 2880 glacie,
787 2817 923 2867 nuda
944 2826 1094 2875 atque
1118 2818 1287 2883 ignote.
1307 2818 1508 2875 iacere&
