2100 3500
461 416 557 451 210
748 399 1210 443 ANTHOLOGIA
1251 400 1538 442 LATINA.

461 492 702 542 Ducimur
722 492 981 542 Inachides
1002 494 1169 557 magni
1189 493 1280 541 sub
1301 501 1432 543 tecta
1452 492 1670 558 Pelasgi,

522 573 589 622 Et
610 589 747 621 socer
768 581 983 621 armatas
1006 574 1184 638 accipit
1207 573 1310 637 ipse
1331 590 1504 624 nurus·

472 648 701 712 Undique
718 649 974 697 conlucent
993 649 1302 712 praecinctae
1321 648 1571 713 lampades
1592 668 1744 702 auro:

526 730 725 777 Dantur
748 731 800 777 in
824 730 1000 778 invitos
1024 729 1176 793 impia
1199 738 1313 777 tura
1335 730 1492 779 focos:

463 809 662 874 Vulgus
696 817 710 839 ⁸
733 809 951 873 Hymen,
984 809 1294 874 Hymenaee'
1325 819 1517 860 vocant.
1584 812 1737 876 Fugit
1768 813 1845 861 ille

656 891 876 937 vocantis
895 906 907 937 ε
1170 882 1175 888 ’

531 968 650 1032 Ipsa
670 968 801 1017 Iovis
824 970 1038 1017 coniunx
1058 969 1205 1017 cessit
1226 969 1288 1017 ab
1310 968 1432 1017 urbe
1453 985 1555 1019 sua.

463 1048 590 1097 Ecce
611 1064 748 1097 mero
767 1049 922 1109 dubii,
942 1049 1176 1097 comitum
1197 1049 1410 1097 clamore
1428 1049 1728 1113 frequentes,

528 1129 674 1178 Flore
697 1144 825 1177 novo
846 1128 1069 1176 madidas
1094 1128 1385 1193 impediente
1406 1145 1586 1190 comas·‚

465 1211 525 1258 In
544 1210 785 1259 thalamos
805 1209 981 1258 laeti—
989 1208 1249 1272 thalamos»,
1266 1225 1358 1258 sua
1372 1210 1519 1259 busta
1534 1212 1611 1258 !—

657 1290 883 1338 feruntur

532 1368 797 1433 Strataque
816 1367 1121 1433 corporibuS,
1144 1367 1316 1417 funere
1337 1368 1507 1434 digna,
1528 1380 1770 1433 premunt.

470 1449 676 1512 Iamque
698 1448 806 1497 cibo
826 1448 1037 1511 vinoque
1061 1464 1235 1512 graves
1260 1464 1527 1513 somnoque
1548 1452 1790 1512 iacebant,

539 1528 871 1591 Securumque
888 1528 1029 1592 quies
1050 1528 1153 1576 alta
1173 1544 1262 1592 per
1287 1529 1457 1593 Argos
1481 1538 1616 1580 erat:

468 1608 668 1658 Circum
690 1624 768 1656 me
787 1610 998 1674 gemitus
1021 1609 1315 1657 morientum
1330 1602 1508 1658 'audire
1527 1610 1793 1659 videbar—

536 1688 603 1737 Et
624 1696 788 1736 tamen
811 1688 1082 1748 audieram,
1104 1687 1334 1753 quodque
1360 1691 1584 1753 verebar,
1606 1699 1728 1740 erat.

473 1768 685 1832 Sanguis
700 1768 821 1822 abit,
834 1775 1144 1831 mentemque
1155 1768 1288 1818 calor
1297 1785 1572 1834 corpusque
1594 1772 1843 1836 relinquit,

535 1849 694 1913 Inque
716 1863 841 1896 novo
859 1848 988 1896 iacui
1010 1848 1197 1913 frigida
1218 1849 1351 1898 facta
1373 1858 1494 1899 toro,

473 1928 547 1977 Ut
567 1928 666 1976 leni
689 1927 906 1991 zephyro
928 1928 1139 1992 graciles
1161 1929 1419 1977 vibrantur
1439 1931 1636 1988 aristae,

538 2008 741 2072 Frigida
770 2008 1006 2072 populeas
1026 2015 1085 2057 ut
1106 2011 1266 2072 quatit
1285 2025 1408 2058 aura
1425 2025 1606 2071 comas,

474 2089 584 2135 Aut
605 2089 687 2145 sic,
710 2095 797 2136 aut
816 2090 966 2136 etiam
988 2090 1165 2136 tremui
1188 2091 1363 2153 magis.
1432 2090 1544 2153 Ipse
1566 2092 1776 2152 iacebas,

538 2163 773 2227 Quaeque
791 2164 881 2212 tibi
904 2165 1132 2214 dederam
1157 2166 1287 2226 vina,
1311 2168 1498 2229 soporis
1518 2175 1676 2216 erant.

475 2245 751 2292 Excussere
773 2251 956 2292 metum
980 2245 1182 2293 violenti
1205 2247 1339 2294 iussa
1361 2248 1602 2309 parentis:

539 2321 737 2384 Erigor,
760 2328 811 2369 et
831 2323 968 2386 capio
991 2322 1090 2370 tela
1111 2329 1350 2370 tremente
1371 2337 1538 2371 manu.

474 2402 588 2451 Non
608 2418 701 2466 ego
721 2401 848 2450 falsa
861 2401 1048 2465 loquar.
1102 2401 1203 2451 Ter
1221 2411 1419 2452 acutum
1441 2403 1641 2452 sustulit
1664 2420 1845 2461 ensem.

538 2478 638 2526 Ter
658 2477 785 2526 male
805 2477 998 2527 sublato
1016 2477 1218 2527 reccidit
1239 2494 1353 2526 ense
1373 2494 1560 2527 manus.

474 2557 686 2606 Admovi
703 2556 1037 2621 iugulo—siue
1060 2573 1137 2605 me
1153 2557 1244 2606 tibi
1262 2573 1382 2606 vera
1397 2558 1603 2608 fateri——

539 2637 748 2685 Admovi
769 2637 935 2701 iugulo
957 2638 1056 2686 tela
1073 2644 1280 2701 paterna
1298 2644 1383 2686 tuo
1399 2658 1414 2687 ε

474 2715 571 2763 Sed
592 2717 739 2764 timor
760 2724 811 2765 et
830 2718 989 2780 pietas
1009 2717 1289 2766 crudelibus
1310 2718 1502 2767 obstitit
1521 2719 1671 2780 ausiS,

536 2789 779 2841 emanue
798 2793 1082 2842 mandatum
1103 2792 1281 2845 dextra
1302 2795 1485 2859 refugit
1507 2811 1644 2859 opus,
