2100 3500
771 439 888 482 STA
904 439 1083 483 TIUS.
1538 450 1633 501 275

250 534 301 583 Si
327 533 446 597 quid
466 532 662 597 Apellei
682 532 899 596 gaudent
919 534 1164 581 animasse
1181 529 1385 591 colom,

251 612 303 661 Si
327 611 447 676 quid
468 612 627 661 adhuc
645 627 816 673 vacua,
836 620 999 661 tamen
1023 609 1328 666 admirabile,
1348 610 1467 659 Pisa

247 690 514 740 Phidiacae
535 706 700 738 rasere
722 706 915 750 manus,
936 690 1068 754 quod
1092 690 1155 739 ab
1176 698 1283 738 arte
1305 689 1550 754 Myronis,

248 770 359 816 Aut
381 766 664 831 Polycleteo
683 766 871 814 iussum
890 776 967 814 est
988 765 1120 829 quod
1143 767 1305 813 vivere
1325 764 1474 813 caelo.

249 847 486 909 Aeraque
507 847 572 895 ab
593 845 874 895 Isthmiacis
895 861 1018 894 auro
1039 846 1235 910 potiora
1256 843 1451 898 favillis.

249 926 354 974 Ora
373 925 556 975 ducum
572 933 625 974 et
638 933 807 975 vatum
829 926 1205 990 sapientumque
1228 940 1316 973 ora
1333 925 1574 989 priorum,

253 1004 394 1064 Quos
415 1005 508 1054 tibi
528 1020 650 1054 cura
669 1006 827 1069 sequi,
850 1020 975 1069 quos
995 1012 1101 1054 toto
1119 1013 1314 1069 pectore
1333 1005 1504 1064 sentis,

250 1084 445 1149 Expers
464 1100 699 1134 curarum
721 1093 872 1149 atque
892 1085 1113 1133 animum
1133 1085 1315 1133 virtute
1337 1085 1504 1147 quieta

252 1166 566 1230 compositus
589 1180 878 1230 semperque
898 1173 1028 1215 tuus.
1086 1164 1219 1225 Quid
1239 1165 1373 1213 mille
1393 1165 1638 1214 revolvam

251 1246 481 1296 Culmina
501 1246 783 1311 visendique
805 1247 936 1295 vices
954 1246 978 1293 ἲ
1031 1245 1134 1295 Sua
1153 1247 1332 1311 cuique
1352 1245 1592 1310 voluptas,

253 1326 429 1390 Atque
460 1325 595 1374 omni
628 1326 886 1390 proprium
922 1324 1141 1374 thalamo
1174 1340 1328 1387 mare,
1367 1333 1599 1389 transque

443 1407 681 1455 iacentem

255 1485 420 1535 Nerea
439 1485 647 1535 diversis
668 1486 820 1535 servit
841 1500 933 1534 sua
952 1493 1091 1535 terra
1109 1486 1351 1535 fenestris,

254 1565 390 1615 Haec
409 1566 544 1616 videt
562 1566 826 1623 Inarimen,
848 1566 921 1615 illi
942 1565 1196 1630 Prochyta
1217 1580 1395 1631 aspera
1412 1573 1582 1631 peretz

256 1647 494 1711 Armiger
513 1645 607 1695 hac
625 1646 794 1711 magni
814 1651 954 1710 patet
975 1645 1223 1705 Hectoris,
1239 1645 1352 1694 inde
1373 1645 1642 1710 malignum

262 1726 402 1774 Aera
419 1726 635 1789 respirat
658 1723 837 1790 pelago
857 1724 1147 1774 circumflua
1167 1724 1330 1780 Nesis.

254 1804 380 1854 Inde
401 1805 543 1870 vagis
565 1820 708 1854 omen
728 1804 852 1853 felix
873 1805 1080 1854 Euboea
1100 1805 1297 1861 carinis,

260 1885 499 1949 Quaeque
519 1884 637 1934 ferit
655 1900 832 1934 curvos
852 1892 1054 1935 exserta
1077 1885 1296 1947 Megalia
1313 1885 1507 1936 fluctus.

259 1966 485 2031 Angitur
505 1971 557 2014 et
577 1964 776 2014 domino
795 1973 970 2015 contra
989 1966 1255 2014 recubante
1274 1965 1543 2031 proculque

259 2044 553 2095 Surrentina
574 2052 691 2093 tuus
711 2053 900 2110 spectat
920 2046 1171 2109 praetoria
1188 2044 1383 2095 Limon.

1344 2141 1391 2174 v.
1415 2129 1578 2175 5282.

448 2223 480 2251 0
672 2224 699 2251 O
894 2225 923 2254 1
1120 2226 1145 2253 ⁸
1344 2226 1371 2253 O

321 2285 480 2351 Saepe
501 2301 593 2351 per
613 2294 904 2336 autumnum
928 2288 1026 2336 iam
1050 2288 1344 2352 pubescente
1364 2287 1534 2353 Lyaeo

261 2364 556 2415 Conscendit
579 2366 805 2431 scopulos
826 2369 1084 2431 noctisque
1106 2368 1298 2416 occulta
1319 2368 1412 2417 sub
1434 2368 1609 2416 umbra

257 2445 470 2495 Palmite
489 2454 686 2495 maturo
704 2448 925 2496 rorantia
947 2447 1138 2497 lumina
1157 2449 1299 2496 tersit

258 2526 433 2575 Nereis
455 2533 507 2574 et
527 2525 686 2574 dulcis
707 2527 876 2590 rapuit
901 2526 963 2576 de
984 2527 1195 2577 collibus
1216 2543 1362 2576 uvas.

263 2605 421 2672 Saepe
440 2614 493 2658 et
516 2607 676 2656 vicino
698 2621 870 2671 sparsa
895 2614 971 2656 est
994 2608 1240 2657 vindemia
1258 2607 1431 2669 fluctu,

262 2685 326 2734 Et
350 2685 519 2751 Satyri
540 2685 760 2735 cecidere
781 2686 938 2749 vadis,
960 2687 1237 2750 nudamque
1258 2703 1347 2751 per
1367 2687 1527 2737 undas

266 2763 453 2815 Dorida
474 2766 694 2815 montani
715 2767 976 2831 cupierunt
994 2766 1236 2831 prendere
1257 2766 1433 2818 Panes.

328 2843 409 2894 Sis
428 2845 570 2906 felix,
592 2844 758 2906 tellus,
780 2845 991 2894 dominis
1013 2845 1250 2895 ambobus
1273 2848 1321 2896 in
1346 2863 1500 2897 anno·
