2100 3500
494 422 556 467 92
772 405 1059 450 ANTHOL
1071 406 1237 469 ocu
1286 408 1375 450 LA
1386 407 1576 451 TJNA.

497 500 610 559 Qua
628 489 771 565 niger
828 509 1043 551 umectat
1063 501 1296 551 flaventia
1314 501 1449 551 culta
1470 500 1740 564 Galaesus,

497 579 761 644 Corycium
784 581 962 630 vidisse
983 596 1167 644 senem,
1187 583 1268 630 cui
1291 597 1449 645 pauca
1469 581 1633 630 relicti

499 657 682 723 Iugera
702 660 833 708 ruris
854 669 1014 722 erant,
1032 676 1124 709 nec
1145 660 1326 710 fertilis
1349 661 1433 710 illa
1454 661 1694 721 iuvencis,

501 732 606 787 Nec
625 740 790 803 pecori
812 747 1091 806 opportuna
1110 756 1269 806 seges,
1291 757 1381 790 nec
1399 740 1658 789 commoda
1677 740 1900 790 Baccho.

499 817 597 866 Hic
616 834 784 867 rarum
804 826 969 868 tamen
991 820 1364 870 indumisholus
1373 820 1583 883 albaque
1602 821 1791 868 circum

440 921 449 931 ·
502 897 631 946 Lilia
649 898 984 962 verbenasque
1005 915 1232 964 premens
1251 915 1545 963 vescumque
1566 915 1801 964 papaver,

503 977 693 1043 Regum
715 979 959 1041 aequabat
980 994 1098 1044 opes
1119 980 1315 1041 animis,
1336 995 1545 1044 seraque
1565 988 1827 1028 revertens

500 1058 657 1108 Nocte
678 1058 873 1107 domum
897 1059 1108 1123 dapibus
1126 1075 1321 1109 mensas
1339 1060 1579 1108 onerabat
1597 1060 1849 1124 inemptis,

499 1138 699 1188 Primus
718 1154 832 1187 vere
852 1154 1014 1188 rosam
1036 1147 1187 1204 atque
1209 1147 1446 1189 autumno
1465 1154 1672 1203 carpere
1692 1155 1861 1203 poma,

499 1220 566 1268 Et
584 1235 697 1268 cum
723 1220 880 1267 tristis
902 1219 1093 1284 hiemps
1112 1221 1383 1268 etiamnum
1404 1219 1591 1283 frigore
1614 1234 1741 1267 saxa

502 1299 770 1363 Rumperet
788 1307 840 1348 et
858 1298 1016 1363 glacie
1036 1315 1212 1348 cursus
1232 1299 1452 1347 frenaret
1471 1313 1735 1362 aquarum,

501 1378 588 1427 Ille
609 1393 796 1427 comam
818 1378 1012 1427 mollis
999 1394 1098 1427 lam
1118 1378 1352 1428 tondebat
1370 1378 1642 1443 hyacinthi,

503 1459 757 1507 Aestatem
778 1459 1077 1523 increpitans
1097 1474 1257 1507 seram
1279 1458 1621 1522 zephyrosque
1635 1437 1891 1506 morantis.

500 1539 638 1602 Ergo
657 1539 832 1603 apibus
860 1539 974 1587 fetis
997 1538 1125 1587 idem
1150 1546 1301 1601 atque
1321 1537 1550 1585 examine
1573 1536 1728 1584 multo

500 1617 696 1666 Primus
717 1617 968 1666 abundare
990 1626 1042 1667 et
1062 1618 1342 1682 spumantia
1360 1631 1535 1681 cogere
1554 1615 1738 1679 pressis

501 1698 653 1747 Mella
674 1698 826 1764 favis3
862 1697 934 1746 illi
955 1698 1090 1746 tiliae
1107 1705 1256 1763 atque
1279 1696 1527 1745 uberrima
1549 1696 1726 1760 pinus3

500 1776 729 1840 Quotque
750 1777 802 1823 in
824 1774 943 1823 flore
963 1790 1090 1822 novo
1110 1774 1268 1838 pomis
1290 1788 1344 1822 se
1367 1771 1548 1820 fertilis
1569 1771 1717 1819 arbos

502 1853 754 1917 Induerat,
779 1855 982 1905 totidem
1002 1862 1241 1904 autumno
1260 1860 1457 1902 matura
1476 1851 1691 1900 tenebat.

500 1934 592 1985 Ille
615 1937 762 1985 etiam
785 1951 920 1985 seras
941 1936 991 1984 in
1014 1950 1212 1984 versum
1232 1933 1426 1983 distulit
1441 1932 1601 1980 ulmos

500 2016 817 2081 Eduramque
836 2018 1000 2081 pirum
1021 2023 1074 2065 et
1097 2016 1263 2080 spinos
1285 2016 1385 2062 iam
1407 2028 1569 2077 pruna
1588 2011 1791 2060 ferentis

500 2094 706 2161 Iamque
718 2097 1081 2145 ministrantem
1095 2095 1351 2161 platanum
1366 2092 1653 2158 potantibus
1668 2091 1879 2139 umbras.

1512 2186 1559 2221 v.
1585 2175 1609 2218 l
1618 2175 1642 2218 1
1648 2175 1723 2218 6·1
1732 2175 1793 2218 46
1800 2204 1813 2220 .

1105 2275 1289 2310 nxxvn

1126 2369 1252 2418 Boea.

590 2533 614 2562 Y
686 2471 724 2554 Q
747 2485 1129 2537 RAETEREA
1152 2499 1315 2550 regem
1343 2499 1443 2532 non
1464 2483 1536 2533 sic
1557 2486 1813 2548 Aegyptos
1830 2491 1875 2531 et

521 2570 561 2598 ’κ
599 2563 727 2648 ''fl-442
870 2568 1044 2631 ingens

511 2670 558 2701 ψ
576 2648 614 2688 «³
630 2644 727 2700 *ἐκ*
775 2647 956 2713 Lydia,
972 2661 1064 2696 nec
1084 2644 1252 2712 populi
1273 2642 1571 2693 Parthorum
1594 2649 1683 2692 aut
1705 2641 1873 2691 Medus

502 2727 1028 2873 ὓδεετνὲιγιῗίψλέὲί
1015 2805 1244 2856 incolumi
1265 2819 1402 2855 mens
1423 2802 1650 2851 omnibus
1665 2816 1764 2849 una
1776 2810 1870 2866 θεῖς
