2100 3500
468 436 563 478 228
746 427 1221 472 ANTHOLOGIA·
1262 428 1546 471 LATIN-A.

469 520 666 571 Desinit
686 522 739 571 iu
759 521 1005 584 lacrimas,
1027 522 1315 586 intentaque
1335 522 1420 571 fila
1440 522 1666 582 remittit,

532 600 594 649 In
614 600 802 665 gremio
823 601 1014 650 vultum
1033 601 1356 666 deposuitque
1377 616 1535 650 auum.

482 676 595 727 Boe
609 679 770 742 ipsum
791 678 982 728 decuit:
1019 678 1248 728 lacrimae
1269 679 1474 728 decuere
1495 678 1714 743 pudicae,

541 756 610 806 Et
629 757 780 807 facies
800 758 964 806 animo
984 757 1232 822 dignaque
1252 773 1439 822 parque
1461 758 1569 806 fuit.

470 839 484 865 ⁸
500 835 638 886 Pone
655 844 859 897 metum,
880 837 1056 898 veni0,'
1075 840 1291 886 coniunx
1311 840 1395 887 ait.
1461 837 1556 885 Illa
1576 837 1772 894 revixit,

534 913 710 976 Deque
729 913 825 962 viri
845 912 969 961 eollo
988 912 1130 962 dulee
1151 913 1383 977 pependit
1402 927 1542 963 onus.

470 988 670 1055 Interea
691 990 876 1038 iuvenis
898 988 1101 1037 furiales
1122 989 1288 1053 regius
1310 990 1440 1053 ignia

534 1067 775 1132 Concipit,
796 1075 848 1116 et
868 1082 1011 1117 caeco
1031 1076 1205 1133 raptus
1227 1083 1387 1116 amore
1410 1068 1547 1117 furit.

469 1146 654 1195 Forma
676 1145 851 1209 placet,
872 1145 1142 1207 niveusque
1159 1144 1307 1206 oolor,
1328 1144 1538 1209 flavique
1560 1145 1743 1209 capilli,

533 1224 727 1288 Quique
748 1224 921 1273 aderat
944 1223 1081 1271 nulla
1102 1224 1261 1273 faetus
1283 1223 1347 1272 ab
1368 1231 1475 1274 arte
1497 1225 1667 1275 decor:

470 1305 643 1354 Verba
661 1304 873 1369 placent,
887 1311 938 1353 et
959 1319 1074 1362 vox,
1086 1312 1138 1353 et
1158 1304 1289 1368 quod
1306 1319 1615 1368 eorrumpere
1636 1321 1732 1353 non
1747 1313 1850 1368 θεῖς

535 1384 743 1449 Quoque
762 1386 921 1434 minor
942 1399 1056 1449 spes
1072 1392 1166 1447 est,
1186 1384 1279 1432 hoe
1299 1385 1458 1448 magis
1481 1383 1561 1432 ille
1582 1386 1733 1450 cupit.

471 1463 578 1512 Iam
602 1464 806 1513 dederat
826 1472 999 1513 cantus
1020 1463 1143 1513 lucis
1161 1465 1481 1528 praenuntius
1504 1464 1621 1527 alea,

533 1542 661 1593 Cum
681 1543 909 1592 referunt
929 1543 1129 1592 iuvenes
1152 1544 1205 1591 in
1226 1559 1315 1591 sua
1335 1550 1497 1592 caetra
1519 1543 1703 1607 pedem.

474 1623 712 1688 Carpitur
731 1624 964 1671 attonitos
985 1623 1201 1672 absentis
1225 1624 1435 1687 imagine
1454 1639 1620 1672 sensus

534 1703 652 1755 Ille:
686 1702 961 1753 recordanti
980 1702 1124 1768 plura
1144 1703 1398 1768 magisque
1419 1703 1627 1769 placent.

473 1783 555 1834 sio
575 1783 720 1844 sedit,
742 1784 810 1832 sie
832 1783 966 1833 culta
984 1783 1098 1846 fuit,
1119 1785 1189 1833 sic
1209 1785 1419 1833 stamina
1439 1786 1587 1846 nevit,

536 1862 804 1928 Neglectae
824 1862 949 1912 eollo
971 1863 1041 1912 sic
1064 1864 1255 1911 iacuere
1277 1878 1458 1925 comae.

472 1946 579 1996 Hos
599 1946 773 1994 habuit
796 1944 975 2013 vultus,
997 1944 1118 1995 haec
1141 1945 1211 1994 illi
1234 1947 1383 1994 verba
1404 1944 1620 2005 fuerunt,

536 2025 633 2074 Hie
652 2024 803 2085 eolor,
822 2025 943 2074 haee
971 2025 1140 2087 facies,
1158 2025 1239 2074 hie
1259 2025 1403 2074 decor
1422 2027 1522 2074 oris
1542 2035 1662 2074 erat.

472 2103 546 2154 Ut
566 2104 689 2154 solet
710 2119 741 2153 a
762 2120 942 2169 magno
962 2104 1141 2154 fluctus
1160 2105 1474 2169 languescere
1494 2104 1616 2153 flatu
1636 2125 1650 2169 3

537 2182 636 2233 Sed
656 2190 822 2234 tamen
842 2199 874 2232 a
895 2192 1058 2246 vento,
1078 2185 1165 2250 qui
1187 2184 1299 2246 fuit,
1321 2184 1452 2232 unda
1473 2191 1644 2245 tumet,

474 2261 574 2324 Sic,
588 2263 812 2328 quamvis
834 2262 1009 2313 aberat
1030 2264 1242 2329 placitae
1262 2265 1539 2328 praesentia
1560 2264 1759 2323 formae,

533 2341 694 2406 Quem
716 2341 920 2394 dederat
938 2359 1170 2409 praesens
1193 2343 1367 2406 forma,
1387 2342 1616 2392 manebat
1636 2357 1786 2391 amor.

1487 2436 1541 2472 v.
1566 2425 1788 2473 721·7·.·8.

1049 2571 1260 2672 ‘W'
