2100 3500
542 437 630 470 222
829 417 1293 460 ANTHOLOGIA
1343 418 1636 462 LATINA.

544 513 704 573 Unde,
738 512 822 560 sed
853 511 1022 559 audita
1063 518 1156 565 est.
1192 512 1209 537 ⁴
1226 510 1377 571 Quid,
1411 511 1651 575 Agenore
1684 519 1823 569 nate,

730 600 1035 656 peremptum

542 672 827 736 Serpentem
846 681 1037 735 spectes
1054 671 1076 716 Ρ
1110 677 1162 718 et
1182 677 1236 717 tu
1259 669 1542 733 spectabere
1566 672 1803 733 serpens?

542 752 631 801 Ille
653 752 737 800 diu
759 751 984 815 pavidus,
1003 750 1190 815 pariter
1207 765 1321 797 cum
1340 758 1503 798 mente
1522 750 1735 798 colorem

542 831 843 882 Perdiderat.
861 830 1119 894 gelidoque
1141 844 1307 877 comae
1325 837 1513 878 terrore
1534 830 1781 894 rigebant.

543 913 670 960 Ecce
690 912 781 959 viri
808 910 1011 971 fautrix,
1033 924 1234 973 superas
1256 909 1458 971 delapsa
1476 925 1566 973 per
1588 925 1759 969 auras,

543 991 708 1040 Pallas
730 990 887 1049 adest,
906 997 1165 1052 motaeque
1188 988 1325 1036 iubet
1344 1004 1617 1052 supponere
1639 996 1805 1037 terrae

515 1059 519 1060 ⁷
544 1071 786 1135 Vipereos
810 1069 998 1130 dentes,
1018 1068 1188 1133 populi
1211 1069 1517 1117 incrementa
1537 1069 1714 1117 futuri.

543 1149 694 1198 Paret
715 1157 765 1197 et
787 1156 844 1197 ut
862 1163 1032 1212 presso
1055 1147 1243 1196 sulcum
1268 1148 1499 1211 patefecit
1520 1156 1706 1208 aratro,

547 1228 747 1292 Spargit
766 1228 903 1276 humi
922 1229 1095 1288 iussos,
1117 1227 1346 1275 mortalia
1368 1228 1574 1289 semina,
1596 1227 1787 1275 dentes.

545 1308 683 1369 Inde,
702 1307 798 1356 fide
819 1308 1003 1356 maius!
1040 1306 1213 1370 glebae
1235 1322 1438 1370 coepere
1459 1308 1661 1366 moveri,

545 1388 809 1451 Primaque
829 1387 889 1435 de
911 1387 1061 1435 sulcis
1082 1388 1211 1436 acies
1233 1388 1463 1451 apparuit
1484 1387 1674 1443 hastae,

545 1466 786 1532 Tegmina
805 1482 923 1515 mox
942 1467 1157 1530 capitum
1177 1467 1309 1530 picto
1331 1467 1557 1515 nutantia
1579 1481 1720 1522 cono,

547 1546 671 1594 Mox
692 1545 884 1594 humeri
905 1554 1170 1609 pectusque
1191 1553 1492 1608 onerataque
1513 1545 1744 1593 bracchia
1769 1546 1879 1595 telis

547 1626 798 1682 Existunt,
821 1626 1092 1687 crescitque
1112 1640 1253 1689 ,seges
1274 1625 1484 1689 clipeata
1507 1626 1742 1675 virorum.

549 1705 628 1755 Sic
651 1706 735 1755 ubi
756 1705 995 1755 tolluntur
1016 1705 1154 1754 festis
1176 1705 1349 1754 aulaea
1368 1705 1593 1767 theatriS,

550 1785 763 1850 Surgere
784 1787 930 1850 signa
946 1785 1121 1846 solent,
1136 1786 1443 1849 primumque
1465 1786 1723 1835 ostendere
1749 1786 1828 1835 vul
1835 1795 1927 1844 tus⁹

549 1866 727 1915 Cetera
747 1865 1017 1930 paulatim:
1043 1865 1339 1929 ‘placidoque
1359 1866 1536 1914 educta
1558 1875 1729 1915 tenore

548 1945 677 1994 Tota
696 1953 883 2009 patent,
907 1945 1101 2008 imoque
1122 1944 1270 2009 pedes
1292 1946 1345 1993 in
1362 1946 1588 2009 margine
1611 1952 1821 2008 ponunt.

1593 2040 1640 2074 V.
1665 2029 1864 2077 85-114.

1150 2124 1333 2160 ουτω.

1115 2212 1285 2267 Liber
1314 2215 1384 2268 xi.

961 2325 1072 2378 The
1110 2328 1251 2381 Cave
1277 2330 1350 2396 of
1363 2329 1536 2400 Sbeep.

565 2468 593 2509 ..⁸
738 2434 751 2448 ⁶
799 2440 885 2494 ST
915 2462 1068 2512 prope
1101 2447 1388 2498 Cimmerios
1420 2450 1566 2516 longo
1599 2453 1832 2516 spelunca

712 2519 774 2600 ,ᾗ
956 2541 1168 2589 recessu,
1235 2593 1238 2596 ἢ

600 2629 613 2636 ν
631 2597 730 2649 95
748 2601 790 2645 (9
831 2603 976 2654 Mons
998 2622 1166 2670 cavus,
1189 2609 1353 2673 ignavi
1376 2610 1547 2660 domus
1566 2618 1617 2660 et
1637 2614 1906 2676 penetralia

741 2680 913 2731 Somni
932 2701 945 2733 ε

554 2757 663 2816 Quo
683 2774 949 2824 numquam
967 2763 1122 2812 radiis
1142 2765 1302 2813 oriens
1323 2766 1570 2816 mediusve
1590 2769 1828 2821 cadensve

556 2834 777 2887 Phoebus
797 2840 934 2890 adire
954 2850 1135 2906 potest.
1201 2844 1422 2895 Nebulae
1443 2848 1650 2913 caligine
1670 2852 1857 2901 mixtae
