2100 3500
461 413 555 459 ²30
750 396 1210 438 ANTHOLOGIA
1254 396 1540 438 LATINA.

457 490 534 539 Ne
556 488 699 538 refer.
764 489 957 553 Aspexi
978 505 1077 537 non
1099 488 1181 537 illo
1201 496 1396 553 pectore
1417 489 1569 554 digna

520 568 756 630 Volnera,
778 568 1047 617 Tartareas
1070 584 1220 616 ausus
1241 568 1377 617 adire
1399 568 1582 617 domos.

453 649 530 698 At
552 657 624 710 tu,
646 664 732 697 seu
753 650 882 697 ratio
898 656 947 696 te
968 650 1150 698 nostris
1171 648 1362 713 appulit
1382 648 1501 709 oris,

517 725 629 773 Sive
649 724 786 781 deus,
808 726 952 788 regni
966 724 1221 773 commoda
1242 739 1389 788 carpe
1409 725 1520 772 mei.

454 803 616 852 Multa
638 803 726 853 tibi
745 819 1000 864 memores,
1022 803 1095 851 nil
1112 819 1210 851 non
1232 803 1464 852 debemus
1483 801 1687 853 Elissae.

518 884 729 932 Nomine
750 893 896 946 grata
915 891 1018 944 tuo,
1040 892 1188 947 grata
1207 884 1408 945 sororis„
1424 884 1561 931 eris.’

452 963 595 1012 Talia
613 962 1031 1027 dicenti—neque
1052 966 1183 1012 enim
1204 979 1316 1028 spes
1336 962 1494 1012 altera
1513 969 1732 1012 restat—-

514 1042 753 1099 Credidit,
773 1058 967 1092 errores
986 1044 1315 1107 exposuitque
1335 1058 1464 1092 suos.

456 1124 622 1187 thue
643 1122 840 1171 domum
864 1124 1067 1172 intravit
1087 1122 1270 1188 Tyrios
1292 1123 1466 1172 induta
1486 1132 1708 1188 paratus,

514 1203 694 1267 Inoipit
714 1205 940 1253 Aeneas:
970 1211 1136 1252 cetera
1158 1202 1303 1251 turba
1322 1203 1448 1252 silet.

448 1290 463 1313 ⁸
483 1284 625 1331 Hane
645 1282 737 1331 tibi
757 1297 847 1330 eur
868 1281 1080 1343 tradam,
1096 1282 1179 1347 pia
1196 1297 1363 1343 eausa,
1383 1281 1591 1331 Lavinia
1601 1284 1828 1345 coniunx,

512 1363 604 1411 Est
622 1361 743 1409 mihi
765 1380 777 1411 ε
812 1362 1089 1425 consumpsi
1108 1360 1380 1426 naufragus
1399 1362 1546 1410 huius
1566 1377 1701 1427 opes.

448 1443 575 1492 Orta
595 1441 732 1506 Tyro
753 1449 848 1503 est,
867 1456 1074 1506 regnum
1096 1440 1288 1506 Libyca
1307 1441 1522 1505 possedit
1541 1442 1594 1490 in
1614 1457 1734 1492 ora:

513 1521 675 1580 Quam
693 1536 865 1584 precor
886 1529 942 1568 ut
962 1535 1107 1569 carae
1128 1536 1264 1569 more
1283 1521 1465 1570 sororis
1484 1523 1649 1571 ames?

448 1600 626 1650 Omnia
644 1601 904 1665 promittit,
924 1599 1202 1664 falsumque
1223 1598 1436 1649 Lavinia
1456 1600 1634 1650 vulnus

508 1680 680 1729 Mente
699 1680 878 1745 premit
898 1680 1064 1735 tacita,
1085 1679 1455 1743 dissimulatque
1475 1680 1703 1731 fremens.

446 1762 688 1825 Donaque
708 1776 821 1809 oum
841 1760 1004 1809 videat
1024 1769 1221 1824 praeter
1238 1776 1332 1810 sua
1349 1760 1537 1810 lumina
1558 1761 1680 1810 ferri

510 1841 674 1890 Multa
692 1839 875 1905 palam,
898 1841 1026 1889 mitti
1051 1840 1180 1889 clam
1201 1854 1395 1903 quoque
1415 1840 1573 1888 multa
1587 1849 1745 1905 putat.

447 1920 559 1970 Non
579 1919 729 1968 habet
749 1927 997 1981 exactum,
1018 1919 1138 1982 quid
1159 1927 1292 1984 agat.
1357 1919 1626 1968 Furialiter
1645 1919 1766 1981 odit,

509 2000 574 2049 Et
595 2007 740 2064 parat
760 1999 979 2059 insidias,
999 2008 1050 2047 et
1072 2000 1208 2063 cupit
1227 1998 1335 2048 ulta
1352 1999 1489 2047 mori.

436 2078 562 2129 ‘Nox
581 2086 705 2128 erat.
775 2078 910 2127 Ante
932 2087 1096 2127 torum
1117 2079 1223 2126 visa
1241 2086 1318 2127 est
1336 2078 1533 2126 adstare
1555 2079 1734 2127 sororis

513 2158 766 2222 Squalenti
789 2158 919 2207 Dido
940 2159 1315 2223 sanguinolenta
1332 2172 1490 2220 ooma,

446 2239 513 2287 Et
526 2239 541 2264 ‘
555 2237 706 2300 Fuge,
715 2250 776 2284 ne
785 2238 973 2299 dubita,
982 2238 1368 2302 maestum,fuge
1380 2239 1393 2263 ’
1408 2237 1594 2286 dioere‘
1609 2240 1821 2288 tectum.⁸

511 2317 612 2365 Sub
632 2317 833 2366 verbum
857 2317 1089 2381 querulas
1112 2317 1309 2383 impulit
1327 2333 1452 2366 aura
1473 2316 1616 2366 fores.

445 2396 620 2456 Exilit,
640 2404 691 2444 et
710 2395 856 2444 velex
877 2396 1051 2445 humili
1077 2411 1226 2460 super
1247 2412 1368 2445 arva
1388 2397 1605 2445 fenestra

511 2474 575 2524 Se
596 2474 713 2523 iacit
735 2492 749 2523 ε
781 2473 1018 2522 audacem
1038 2473 1224 2523 feoerat
1244 2474 1349 2538 ipse
1371 2475 1535 2524 timor.

445 2555 653 2619 Quaque
670 2563 806 2602 metu
823 2554 1033 2616 rapitur,
1056 2555 1222 2602 tunica
1241 2553 1403 2602 velata
1422 2555 1639 2603 recincta

508 2633 697 2695 Currit,
718 2641 776 2682 ut
796 2632 978 2682 auditis
999 2634 1178 2682 territa
1198 2633 1345 2682 dama
1363 2633 1505 2698 lupis.

442 2712 683 2777 Corniger
702 2711 828 2761 hane
847 2711 1037 2777 cupidis
1055 2714 1276 2776 rapuisse
1298 2711 1555 2783 Numioius
1570 2715 1719 2766 undis

505 2792 753 2851 Creditur.
773 2800 825 2842 et
844 2794 1037 2857 stagnis
1056 2792 1325 2842 occuluisse
1346 2795 1466 2844 suis.
