2100 3500
733 451 856 493 STA
870 451 1046 495 PIUS.

332 545 437 594 Cur
457 544 585 609 plus,
604 545 777 603 ardua,
798 545 994 595 casibus
1015 546 1197 612 patetis
1215 546 1240 593 2

332 624 438 674 Cur
459 640 604 674 saeva
624 626 730 674 vice
751 640 932 690 magna
953 641 1054 675 non
1076 633 1336 675 senescunt
1355 625 1379 673 ’ἐ

336 704 417 755 Sic
438 714 608 754 natum
631 705 920 755 Nasamonii
942 705 1188 755 Tonantis

335 784 455 834 Post
475 792 613 834 ortus
629 785 890 850 obitusque
912 786 1197 835 fulminatos

337 864 570 930 Angusto
588 864 815 931 Babylon
833 866 1014 930 premit
1034 866 1276 929 sepulcro.

338 942 420 993 Sic
440 945 597 993 fixum
614 943 810 993 Paridis
832 960 981 993 manu
1006 944 1237 993 trementi

339 1023 541 1073 Peliden
562 1023 736 1073 Thetis
756 1024 924 1073 obruit
942 1024 1214 1072 cadentem.

341 1103 424 1152 Sic
442 1105 567 1167 ripis
588 1119 685 1169 ego
705 1104 1063 1153 murmurantis
1085 1103 1242 1153 Hebri

341 1183 454 1232 Non
475 1192 667 1231 mutum
685 1192 833 1247 capnt
852 1183 1078 1248 Orpheos
1100 1183 1360 1247 sequebar,

343 1264 424 1313 Sic
445 1271 497 1313 et
516 1264 799 1313 tu-rabidi
819 1264 959 1313 nefas
982 1265 1185 1329 tyranni
1205 1266 1285 1312 2-

344 1344 512 1393 Iussus
532 1344 853 1409 praecipitem
875 1344 1040 1393 subire
1063 1342 1271 1404 Lethen,

343 1423 477 1472 Dum
499 1437 693 1488 pugnas
716 1423 852 1472 canis
873 1423 1128 1488 arduaque
1150 1439 1265 1471 voce

344 1503 449 1552 Das
470 1502 647 1551 solatia
667 1500 936 1567 grandibus
962 1501 1217 1567 sepulcris,

346 1583 391 1633 O
413 1584 576 1632 dirum
599 1581 784 1632 scelus!
822 1598 854 1631 o
874 1581 1069 1631 scelus!
1115 1581 1339 1630 tacebis?

347 1664 430 1713 Sic
452 1664 557 1713 fata
578 1671 656 1712 est
675 1663 945 1727 leviterque
966 1662 1245 1711 decidentes

346 1745 556 1795 Abrasit
576 1744 805 1794 lacrimas
825 1745 1013 1793 nitente
1033 1742 1236 1808 plectro.

414 1827 489 1874 At
510 1833 584 1882 tu,
606 1839 691 1874 seu
713 1822 941 1888 rapidum
961 1822 1062 1887 poli
1084 1838 1174 1887 per
1195 1838 1341 1872 axem

349 1906 533 1955 Famae
554 1903 783 1953 curribus
804 1903 973 1951 arduis
995 1902 1208 1963 levatus,

351 1985 465 2046 Qua
484 1991 695 2050 surgunt
714 1984 907 2033 animae
927 1985 1248 2048 potentiores,

355 2066 538 2115 Terras
558 2064 766 2130 despicis
786 2071 838 2113 et
860 2064 1088 2129 sepulcra
1110 2064 1240 2113 rides

356 2146 453 2197 Seu
476 2147 614 2212 pacis
632 2146 809 2195 merito
829 2160 1001 2193 nemus
1020 2143 1263 2193 reclusum

354 2227 497 2276 Felix
516 2225 704 2291 Elysiis
726 2231 864 2274 tenes
886 2225 940 2273 in
962 2225 1083 2280 oris.

355 2307 469 2367 Quo
491 2304 777 2354 Pharsalica
797 2305 945 2353 turba
961 2313 1311 2370 congregatur,

358 2386 424 2436 Et
444 2394 493 2436 te
515 2383 678 2434 nobile
698 2399 897 2433 carmen
919 2385 1228 2434 insonantem

361 2465 582 2531 Pompeii
600 2464 897 2514 comitantur
917 2472 969 2513 et
986 2463 1200 2514 Catones
1222 2463 1317 2513 :-'

360 2547 440 2596 'l'u
461 2561 642 2612 magna
663 2561 800 2596 sacer
820 2554 871 2596 et
893 2546 1134 2611 superbus
1156 2547 1333 2596 umbra

364 2628 538 2678 Nescis
560 2626 824 2689 Tartaron,
845 2635 896 2676 et
917 2626 1088 2692 procul
1107 2636 1367 2677 nocentum

363 2710 528 2760 Audis
550 2709 774 2771 verbera,
793 2709 1129 2774 pallidumque
1152 2709 1257 2757 visa

368 2790 549 2843 Matris
566 2789 793 2855 lampade
815 2790 1017 2854 respicis
1040 2788 1371 2851 Neronem,—

434 2870 586 2920 Adsis
604 2869 797 2920 lucidus
819 2877 871 2919 et
891 2877 1094 2918 vocante
1112 2868 1256 2919 Polla

1506 466 1597 513 ²7⁹
