2100 3500
769 397 1172 439 mutandos.
1606 417 1669 460 99

276 490 393 538 Vix
413 489 626 545 tandem,
647 491 841 554 magnis
862 489 1027 539 Ithaci
1046 490 1339 539 clamoribus
1363 497 1520 547 ectus,

275 570 551 633 conposito
572 572 761 633 rumpit
781 585 967 632 vocem,
988 577 1039 618 et
1062 585 1141 617 me
1162 570 1376 618 destinat
1397 585 1527 618 erae.

277 649 567 698 Adsensere
587 665 774 711 omnes,
795 657 864 711 et,
887 665 1013 715 quae
1035 650 1129 698 sibi
1153 651 1361 714 quisque
1383 650 1606 711 timebat,

277 728 448 777 Unius
469 730 520 776 in
542 729 709 777 miseri
730 730 935 778 exitium
956 743 1192 778 conversa
1212 728 1383 777 tulere.

278 809 488 873 Iamque
509 808 612 857 dies
632 808 835 857 infande
853 809 1024 858 ederet
1036 828 1052 874 3
1088 809 1210 857 mihi
1233 824 1371 857 sacra
1392 810 1572 872 parari,

276 889 350 939 Et
373 888 530 937 salsae
551 887 740 953 fruges,
761 895 813 936 et
830 889 1013 937 circum
1034 896 1259 951 tempora
1279 888 1432 936 vittae
1444 907 1461 953 3

276 968 479 1032 Eripui,
500 968 678 1029 fateor,
698 967 799 1016 leto
819 982 899 1017 me
937 977 990 1018 et
1008 967 1204 1017 vincula
1225 968 1356 1032 rupi,

275 1048 576 1110 Limosoque
599 1045 709 1095 lacu
730 1061 820 1110 per
838 1054 1030 1095 noctem
1052 1046 1291 1096 obscurus
1312 1047 1363 1094 in
1386 1046 1498 1094 ulva

275 1125 490 1187 Delitui,
510 1125 627 1174 dum
648 1124 757 1173 vela
778 1125 970 1187 darent,
993 1127 1036 1174 si
1060 1126 1187 1174 forte
1210 1126 1472 1175 dedissent.

277 1205 391 1254 Nec
409 1205 532 1254 mihi
560 1206 659 1254 iam
678 1193 891 1270 petriam
913 1206 1168 1269 antiquam
1193 1220 1304 1270 spes
1329 1206 1431 1255 ulla
1452 1206 1665 1270 videndi,

277 1284 391 1334 Nec
409 1284 568 1334 dulcis
588 1293 733 1334 natos
752 1293 1142 1351 exoptatumque
1164 1295 1447 1352 parentem3

277 1365 419 1425 Quos
440 1364 513 1414 illi
533 1366 637 1414 fors
656 1373 706 1415 et
728 1380 910 1429 poenes
930 1365 994 1415 ob
1013 1373 1184 1415 nostra
1204 1375 1460 1431 reposcent

277 1444 495 1510 Effugia,
515 1450 569 1493 et
586 1443 782 1509 culpem
804 1444 932 1494 hene
953 1446 1244 1495 miserorum
1265 1454 1422 1495 morte
1443 1445 1624 1510 piabur.

276 1525 427 1585 Quod
449 1533 498 1574 te
519 1540 608 1591 per
628 1540 831 1590 superos
849 1532 902 1574 et
919 1526 1116 1575 conscia
1135 1526 1340 1573 numina.
1360 1526 1483 1587 veri,

275 1606 381 1653 Per
405 1606 447 1654 si
461 1619 560 1670 que
570 1611 661 1662 est,
678 1619 805 1668 quae
817 1611 970 1654 restet
983 1605 1144 1654 adhuc
1157 1604 1445 1653 mortalibus
1458 1621 1660 1668 usquam

274 1687 583 1735 Intemerate
599 1685 736 1742 fides,
757 1700 861 1747 or0,
883 1686 1115 1734 miserere
1135 1684 1359 1733 laborum

274 1766 570 1829 Tantorum,
591 1766 823 1815 miserere
845 1766 997 1814 animi
1018 1781 1117 1813 non
1139 1765 1291 1830 digna
1312 1765 1529 1815 ferentis.

343 1846 440 1894 His
457 1846 674 1895 lacrimis
694 1847 847 1896 vitam
867 1846 1059 1902 demus,
1073 1853 1126 1895 et
1139 1845 1496 1894 miserescimus
1512 1845 1659 1897 ultro.

272 1928 394 1992 Ipse
415 1929 521 1976 viro
539 1928 729 1992 primus
749 1928 966 1976 manicas
985 1935 1136 1991 etque
1155 1932 1266 1974 arta
1286 1924 1440 1974 levari

274 2007 465 2057 Vincla
484 2007 621 2057 iubet
640 2006 886 2068 Priamus,
906 2005 1148 2069 dictisque
1170 2005 1243 2054 ita
1263 2004 1395 2053 fatur
1415 2004 1612 2069 amicis3

274 2087 517 2152 Quisquis
537 2102 609 2144 es,
630 2087 836 2136 emissos
856 2086 973 2135 hinc
992 2088 1091 2134 iam
1111 2084 1396 2134 obliviscere
1420 2083 1628 2150 Graios3

276 2164 463 2217 Noster
481 2168 597 2222 eris,
617 2167 837 2230 mihique
858 2166 980 2216 haec
999 2166 1215 2214 edissere
1236 2179 1353 2213 vers
1372 2166 1594 2229 roganti:

274 2245 391 2306 Quo
402 2247 579 2296 molem
587 2246 716 2296 hene
723 2246 933 2294 inmanis
939 2246 1279 2310 equistatuere
1292 2244 1314 2291 ’ἐ
1337 2245 1446 2308 quis
1455 2253 1626 2294 auctor
1635 2245 1658 2292 ἲ

274 2327 470 2387 Quidve
491 2334 667 2392 petunt
683 2327 707 2376 ἲ
751 2341 878 2390 qnae
898 2326 1073 2391 religio
1087 2325 1111 2374 ’ἑ
1149 2333 1238 2374 eut
1258 2339 1384 2390 quae
1405 2325 1632 2374 machina

273 2487 507 2536 Dixerat.
568 2486 678 2549 Ille,
699 2486 825 2535 dolis
846 2487 1115 2536 instructus
1136 2492 1187 2535 et
1208 2493 1317 2534 erte
1337 2482 1564 2549 Pelasga,

274 2564 491 2614 Sustulit
509 2572 689 2613 exutas
709 2563 882 2613 vinclis
903 2562 968 2611 sd
988 2562 1151 2611 sidera
1170 2561 1384 2626 palmasz

272 2644 402 2706 Vos,
425 2643 616 2692 aeterni
639 2645 796 2709 ignes,
816 2651 869 2692 et
888 2658 989 2692 non
1010 2641 1237 2690 violabile
1258 2649 1473 2689 vestrum

272 2723 455 2773 Testor
472 2738 673 2784 numen,
695 2724 784 2784 eit,
804 2739 891 2772 vos
911 2737 1029 2771 eree
1047 2736 1286 2785 ensesque
1305 2718 1516 2780 nefandi,

273 2803 416 2864 Quos
433 2803 563 2868 fugi,
587 2805 836 2867 vittueque
857 2803 1021 2864 deum,
1043 2816 1168 2866 quas
1184 2800 1348 2850 hostia
1365 2800 1523 2864 gessiz
