2100 3500
458 499 552 558 318
732 490 1196 534 ANTHoLoatA
1248 490 1535 534 LATINA.

459 586 673 650 Excipit,
694 592 745 634 et
765 584 899 633 solus
919 583 1246 648 trepidantem
1267 586 1484 650 protegit
1505 584 1702 646 urbem,

460 668 633 730 Atque
655 664 765 713 ideo
785 671 1047 728 postquam
1070 663 1133 712 ad
1154 662 1382 714 Cimbros
1402 672 1724 729 stragemque

653 743 887 792 volabaut

459 824 559 884 Qui
580 837 848 887 numquam
871 823 1142 886 attigerant
1161 823 1351 871 maiora
1367 823 1608 872 cadavera
1627 823 1785 881 corvi,

459 900 652 949 Nobilis
669 907 875 949 ornatur
893 899 1034 947 lauro
1055 899 1244 966 collega
1266 900 1492 949 secunda.

457 976 683 1026 Plebeiae
704 975 969 1024 Deciorum
992 977 1199 1033 animae,
1218 975 1411 1039 plebeia
1430 976 1636 1026 fuerunt

458 1057 507 1105 N
509 1054 700 1106 omina=
733 1070 826 1119 pro
844 1056 962 1104 totis
983 1054 1263 1120 legionibus
1282 1055 1337 1103 hi
1358 1062 1525 1104 tamen
1545 1063 1596 1105 et
1615 1073 1709 1121 pro

458 1137 699 1188 Omnibus
721 1134 921 1184 auxiliis
940 1142 1089 1198 atque
1111 1136 1243 1183 omni
1263 1135 1393 1199 pube
1413 1135 1593 1184 Latina

460 1215 718 1264 Sufficiunt
739 1214 816 1264 dis
839 1214 1044 1262 inferuis
1068 1225 1326 1279 terraeque
1348 1219 1540 1279 parenti
1560 1237 1575 1278 3

456 1296 623 1344 Pluris
641 1296 774 1345 enim
793 1294 955 1355 Decii,
976 1308 1127 1358 quam
1147 1309 1275 1357 quae
1293 1303 1552 1344 servantur
1571 1297 1636 1344 ab
1657 1294 1771 1345 illis.

1163 1378 1265 1423 Sat.
1288 1376 1388 1424 viii.
1452 1390 1501 1424 v,
1527 1376 1766 1425 231-258.

1112 1517 1228 1556 CCL·

1050 1636 1286 1692 Seianus.

465 1745 691 1825 ‘'“Q
708 1761 870 1811 ISNE
890 1761 1098 1811 salutari
1120 1762 1248 1810 sicut
1268 1760 1474 1811 Seianus
1491 1762 1516 1810 ἲ
1549 1761 1731 1813 habere

462 1787 613 1893 *R*
579 1788 687 1942 ’.ᾧ
740 1843 1050 1892 Tantundem
1089 1849 1238 1906 atque
1260 1841 1334 1890 illi
1353 1857 1568 1892 summas
1587 1843 1773 1893 donare

468 1897 568 1962 ἷῒῑὲ
875 1922 1091 1983 curules,

454 2005 600 2053 Illum
625 1954 925 2053 exercitibus
948 2017 1287 2068 praeponere.
1271 2001 1295 2049 ’ἓ
1332 2008 1471 2051 tutor
1490 2002 1666 2052 haberi

454 2084 700 2148 Principis
720 2091 935 2146 angusta
955 2079 1298 2146 Caprearum·
1284 2096 1336 2129 lu
1357 2097 1480 2146 rupe
1501 2083 1718 2133 sedentis

454 2164 582 2214 Cum
603 2177 755 2228 grege
778 2161 1059 2212 Chaldaeo
1047 2172 1068 2209 t
1104 2162 1177 2210 vis
1197 2167 1330 2210 certe
1352 2161 1455 2226 pila
1471 2162 1715 2224 eohorteS,

455 2243 696 2308 Egregios
716 2241 914 2306 equites
933 2248 985 2290 et
1003 2247 1168 2290 eastra
1189 2239 1455 2290 domestica
1469 2241 1494 2290 ἲ
1532 2242 1705 2305 quidni

453 2324 592 2373 Haec
612 2321 823 2387 cupias?
857 2328 909 2370 et
930 2321 1016 2381 qui
1038 2320 1213 2369 nolunt
1232 2319 1450 2369 cecidere
1471 2336 1784 2385 quemquam,

452 2402 605 2451 Posse
622 2401 808 2450 volunt.
841 2399 939 2448 Sed
955 2414 1084 2464 quae
1104 2398 1358 2463 praeclara
1372 2407 1425 2447 et
1439 2415 1678 2465 prospera
1694 2404 1830 2458 tant-i.

453 2482 528 2531 Ut
550 2482 698 2530 rebus
719 2480 863 2529 laetis
882 2494 976 2544 par
997 2481 1066 2527 sit
1086 2493 1316 2527 mensura
1333 2479 1575 2529 malorum
1588 2480 1613 2529 ἲ

454 2564 634 2623 Huius,
656 2562 744 2625 qui
765 2559 999 2615 trahitur,
1022 2565 1334 2622 praetextam
1354 2573 1548 2607 sumere
1567 2563 1742 2622 mavia,

452 2646 539 2694 An
562 2642 859 2690 Fidenarum
881 2639 1254 2703 Gabiorumque
1275 2652 1386 2688 esse
1405 2647 1640 2704 potestas,

453 2723 520 2771 Et
540 2722 601 2769 de
620 2734 850 2769 mensura
871 2721 949 2768 ius
969 2718 1148 2779 dioere,
1170 2733 1290 2767 vasa
1309 2718 1502 2767 minora

453 2801 702 2863 Frangere
721 2813 970 2862 pannosus
988 2799 1157 2846 vacuis
1175 2796 1346 2846 aedilis
1368 2795 1573 2847 Ulubris
1587 2801 1610 2846 Ρ

456 2878 587 2942 Ergo
605 2874 725 2941 quid
745 2876 1014 2936 optandum
1033 2876 1180 2937 foret,
1202 2876 1643 2940 ignorasse'fateris

594 1888 692 1961 &Q
