2100 3500
787 433 1096 478 omnus,
1531 446 1592 495 η
1597 448 1622 497 5

248 524 460 589 Quoque
479 525 587 575 loco
607 532 684 575 est
702 526 865 585 arbor,
886 527 1129 591 turgescit
1148 526 1203 574 in
1223 526 1400 574 arbore
1420 538 1614 575 ramusz

313 603 446 653 Nam
466 605 639 670 procul
658 621 690 655 a.
709 604 898 656 Getieis
919 605 1102 655 finibus
1123 604 1270 654 arbor
1290 604 1448 653 abest.

249 683 370 733 otia
388 699 520 733 nunc
541 684 669 747 istic,
689 686 965 749 iunctisque
987 700 1054 732 ex
1075 683 1246 733 ordine
1265 682 1398 733 ludis

310 761 506 813 Cedunt
525 764 719 813 verbosi
737 765 940 827 garrula
960 764 1092 814 bella
1111 763 1222 812 fori.

244 841 410 893 Lusus
429 845 570 909 equis
592 860 724 895 nuno
743 853 837 907 est,
855 844 1046 895 levibus
1066 859 1197 892 nunc
1217 841 1407 891 luditur
1427 842 1605 890 annisa

310 922 456 972 Nunc
478 923 597 989 pila,
618 912 749 974 nuno
767 923 918 974 celeri
939 924 1155 973 volvitur
1174 921 1293 971 orbe
1313 919 1541 971 trochus:

245 1001 391 1051 Nunc
411 1003 498 1051 ubi
516 1004 719 1067 perfusa
737 1011 814 1054 est
833 1003 940 1053 oleo
961 1003 1157 1053 labente
1178 1003 1423 1058 iuventus,

307 1082 539 1131 Defessos
557 1090 698 1133 artus
720 1083 930 1149 Virgine
952 1083 1136 1148 tinguit
1156 1097 1298 1145 aqua.

244 1161 403 1212 Soena
422 1164 574 1227 viget,
597 1163 867 1229 studiisque
890 1164 1031 1212 favor
1052 1162 1348 1212 distantibus
1367 1159 1526 1222 ardet,

305 1242 530 1306 Cumque
551 1244 709 1292 tribus
730 1252 962 1293 resonant
983 1252 1126 1292 terna
1146 1242 1344 1291 theatra
1369 1239 1510 1290 foris.

244 1321 288 1369 0
306 1329 501 1384 quater,
522 1337 553 1370 o
573 1323 798 1385 quotiens
818 1336 919 1371 non
937 1330 1016 1370 est
1034 1336 1310 1380 numerare,
1329 1319 1545 1381 beatum,

304 1399 421 1448 Non
440 1400 701 1449 interdicta
721 1401 802 1450 cui
819 1401 935 1450 lieet
950 1400 1092 1449 Urbe
1110 1401 1238 1449 frui!

238 1480 315 1529 At
335 1480 460 1529 mihi
479 1480 692 1528 sentitur
712 1480 802 1528 nix
822 1495 974 1528 verno
993 1479 1097 1528 sole
1120 1478 1300 1539 soluta,

303 1558 543 1623 Quaeque
564 1558 674 1607 lacu
694 1558 819 1607 duro
839 1574 935 1607 non
954 1557 1212 1606 fodiuntur
1233 1573 1391 1621 aquae
1407 1576 1421 1605 ε

237 1637 286 1685 N
286 1653 343 1686 ec
358 1652 496 1686 mare
507 1638 777 1687 concrescit
786 1637 958 1703 glacie,
973 1652 1062 1687 nec
1073 1645 1131 1686 ut
1143 1644 1274 1699 ante,
1288 1652 1376 1701 per
1394 1636 1628 1687 Histrum.

300 1717 525 1768 Stridula
546 1716 860 1768 Sauromates
880 1718 1104 1784 plaustra.
1126 1716 1364 1767 bubulcus
1381 1718 1504 1782 agit..

233 1798 480 1864 Incipient
500 1797 695 1862 aliquae
711 1806 878 1847 tamen
898 1798 997 1846 huc
1018 1798 1203 1846 adnare
1224 1798 1438 1859 carinae,

298 1877 611 1942 Hospitsque
632 1878 684 1925 in
706 1876 854 1926 Ponti
875 1876 1019 1927 litore
1038 1878 1218 1942 puppis
1238 1877 1352 1925 erit.

236 1953 449 2004 Sedulus
469 1969 723 2004 occurram
745 1962 945 2016 nautae,
966 1954 1194 2018 dictaque
1217 1953 1394 2014 solute,

297 2032 435 2093 Quid
455 2034 638 2096 veniat,
658 2049 908 2098 quaeram,
932 2034 1105 2098 quisve
1127 2033 1365 2098 quibusve
1386 2032 1520 2082 locis.

231 2112 324 2161 Ille
346 2112 565 2177 quidem,
583 2115 763 2161 mirum
785 2114 837 2163 ni
857 2113 918 2162 de
939 2114 1138 2178 regione
1157 2113 1434 2178 propinqua

296 2191 414 2241 Non
435 2193 531 2242 nisi
552 2194 735 2242 vicinas
756 2201 894 2242 tutus
914 2195 1072 2243 ararit
1092 2208 1263 2258 squas.

234 2271 399 2322 Rarus
420 2273 485 2322 ab
506 2272 654 2322 Italia
672 2280 864 2322 tantum
884 2288 1020 2322 mare
1040 2274 1208 2322 navita
1227 2276 1426 2336 transit,

195 2396 200 2403 .
295 2350 470 2401 Litora
493 2367 636 2402 rarus
657 2353 710 2401 in
731 2353 852 2402 haec
870 2352 1113 2418 portubus
1134 2352 1255 2401 orba
1277 2356 1428 2403 venit.

232 2430 348 2481 Sive
370 2440 538 2482 tamen
562 2431 756 2482 Graeca.
776 2433 960 2495 scierit,
983 2433 1085 2481 sive
1107 2431 1190 2481 ille
1210 2431 1391 2482 Latina

295 2511 436 2560 Vooe
456 2510 609 2575 loqui,
630 2521 762 2561 certe
781 2509 971 2576 gratior
991 2526 1111 2560 usus
1132 2512 1239 2560 erit.

229 2590 329 2640 Fas
339 2606 535 2655 quoque
550 2591 613 2640 ab
625 2607 709 2641 ore
722 2592 840 2641 freti
848 2590 1123 2656 longaeque
1132 2591 1457 2656 Propontidos
1471 2594 1613 2644 undis

294 2670 408 2720 Huo
429 2670 644 2736 aliquem
663 2679 799 2721 certo
822 2672 931 2721 vela
951 2670 1142 2720 dedisse
1166 2679 1298 2721 noto.

228 2748 469 2813 Quisquis
490 2752 534 2799 is
554 2758 650 2811 est,
669 2752 873 2799 memori
895 2765 1142 2799 rumorem
1163 2765 1279 2799 voce
1301 2751 1484 2800 referre

289 2829 360 2878 Et
377 2829 489 2879 fieri
509 2831 669 2879 famae
688 2845 900 2895 parsque
920 2829 1201 2895 gradusque
1223 2838 1398 2895 potest.
