2100 3500
815 441 898 486 (u
909 444 1000 486 TU
1001 444 1086 484 LL
1100 443 1199 486 Us-
1638 451 1697 501 σι

319 533 569 598 Egressus
589 533 754 581 curvis
773 548 802 582 e
822 534 1051 584 litoribus
1072 534 1240 584 Piraei

321 612 519 675 Attigit
557 612 728 660 iniusti
748 616 879 678 regis
897 615 1143 680 Gortynis
1163 614 1364 679 templa.

490 730 546 770 ’φ
738 743 767 770 e
959 744 988 771 e
1180 745 1205 772 o
1398 745 1426 771 ο

324 851 473 900 Hunc
496 852 641 900 simul
664 869 722 902 ac
740 854 917 918 cupido
936 856 1195 919 conspexit
1213 854 1396 902 lumine
1415 856 1556 920 virgo

323 933 504 995 Regia,
526 947 676 995 quam
697 935 862 982 suavis
880 934 1115 998 expirans
1134 943 1299 982 castus
1319 934 1494 983 odores

322 1011 557 1061 Loctulus
579 1014 631 1060 in
652 1013 788 1061 molli
807 1014 1066 1077 complexu
1084 1014 1258 1061 matris
1277 1013 1457 1072 alebat,

323 1090 508 1150 Quales
529 1092 746 1140 Eurotae
765 1094 1069 1157 progignunt
1087 1091 1291 1140 flumina
1311 1101 1525 1156 myrtus»,

322 1172 529 1219 Aurave
549 1171 806 1221 distinctos
827 1172 992 1221 educit
1013 1187 1166 1220 verna
1183 1172 1388 1233 colores,

325 1250 445 1299 Non
461 1253 606 1316 prius
625 1267 690 1300 ex
712 1253 796 1301 illo
812 1252 1078 1317 flagrantia
1097 1252 1359 1301 declinavit

325 1333 556 1393 Lumina,
579 1347 726 1394 quam
747 1340 924 1382 cuncto
944 1334 1168 1397 concepit
1187 1348 1390 1396 corpore
1409 1332 1656 1381 flammam

324 1412 571 1461 Funditus
593 1420 742 1477 atque
760 1414 872 1461 imis
893 1414 1082 1462 exarsit
1102 1420 1207 1461 tota
1226 1412 1468 1461 medullis.

330 1492 447 1540 Heu
468 1493 644 1540 misere
665 1493 923 1556 exagitans
942 1493 1121 1541 immiti
1139 1492 1286 1541 corde
1303 1492 1495 1541 furores

326 1570 513 1619 Sancte
536 1585 672 1634 puer,
693 1572 824 1619 curis
847 1571 1101 1620 hominum
1122 1573 1208 1635 qui
1228 1571 1411 1635 gaudia
1429 1572 1620 1631 misces,

322 1650 565 1714 Quaeque
578 1652 711 1715 regis
722 1650 910 1716 Golgos
924 1666 1148 1714 quaeque
1158 1650 1369 1700 Idalium
1381 1650 1663 1700 frondosum
1672 1685 1689 1707 ,

322 1729 572 1791 Qualibus
591 1731 837 1781 incensam
857 1731 1079 1781 iactastis
1097 1740 1263 1780 mente
1283 1729 1495 1794 puellam

320 1810 584 1859 Fluctibus
603 1812 656 1859 in
676 1811 803 1860 flavo
824 1826 970 1876 saepe
989 1812 1182 1875 hospite
1204 1811 1556 1874 suspirantem!

322 1889 552 1950 Quantos
570 1889 657 1938 illa
678 1890 793 1939 tulit
813 1890 1068 1955 languenti
1089 1890 1234 1939 corde
1251 1890 1481 1938 timores!

323 1968 531 2029 Quanto
552 1984 697 2034 saepe
715 1971 876 2034 magis
895 1970 1089 2035 fulgore
1108 1969 1350 2034 expalluit
1370 1970 1505 2018 auri!

321 2049 455 2099 Cum
476 2063 674 2098 saevum
691 2051 893 2113 cupiens
913 2057 1086 2099 contra
1105 2049 1397 2099 contendere
1418 2057 1690 2097 monstrum

321 2129 437 2176 Aut
448 2141 653 2177 mortem
665 2137 917 2194 oppeteret
939 2128 1159 2178 sseseus
1179 2138 1268 2178 aut
1286 2130 1508 2194 praemia
1527 2128 1701 2178 laudis.

322 2209 443 2257 Non
462 2209 658 2273 ingrata
678 2218 842 2259 tamen
863 2211 1050 2259 frustra
1070 2210 1358 2259 munuscula
1376 2210 1503 2259 divis

321 2289 627 2339 Promittens
651 2291 799 2338 tacito
821 2290 1073 2339 succendit
1091 2296 1207 2339 vota
1227 2288 1419 2338 labello.

320 2367 458 2417 Nam
479 2367 612 2418 velut
630 2370 681 2418 in
704 2385 894 2418 summo
914 2371 1215 2432 quatientem
1237 2368 1439 2417 brachia
1461 2368 1629 2416 Tauro

321 2446 573 2507 Quen-cum
596 2456 683 2496 aut
703 2450 981 2512 conigeram
1003 2448 1204 2497 sudanti
1222 2448 1402 2497 cortice
1423 2448 1596 2511 pinum

322 2524 627 2575 Indomitum
648 2526 794 2576 turbo
810 2535 1140 2590 contorquens
1161 2526 1360 2575 flamine
1381 2526 1550 2586 robur,

321 2604 473 2654 Eruit
492 2605 598 2668 (ille
619 2607 792 2671 procul
813 2607 1049 2655 radicitus
1071 2606 1334 2655 exturbata

321 2685 492 2733 Prona
510 2686 662 2747 cadit,
684 2684 881 2757 lqteque
901 2697 953 2735 et
973 2686 1194 2735 cominus
1214 2685 1359 2734 obvia
1379 2685 1652 2749 frangens),

322 2762 408 2812 Sic
428 2763 612 2813 domito
633 2779 831 2812 saevum
852 2766 1119 2830 prostravit
1137 2780 1338 2829 corpore
1360 2761 1579 2813 Theseus

320 2842 667 2907 Neqnicquam
689 2844 827 2892 vanis
848 2845 1110 2894 iactantem
1132 2859 1317 2900 cornua
1331 2845 1501 2893 ventis.
