<?xml version="1.0" encoding="UTF-8"?>
<!DOCTYPE html PUBLIC "-//W3C//DTD XHTML 1.0 Transitional//EN"
    "http://www.w3.org/TR/xhtml1/DTD/xhtml1-transitional.dtd">
<html xmlns="http://www.w3.org/1999/xhtml" xml:lang="en" lang="en">
 <head>
  <title>
</title>
<meta http-equiv="Content-Type" content="text/html;charset=utf-8" />
  <meta name='ocr-system' content='tesseract 3.04.00' />
  <meta name='ocr-capabilities' content='ocr_page ocr_carea ocr_par ocr_line ocrx_word'/>
</head>
<body>
  <div class='ocr_page' id='page_1' title='image "./anthologialatin03thacgoog_0124.png"; bbox 0 0 2100 3500; ppageno 0'>
   <div class='ocr_carea' id='block_1_1' title="bbox 482 375 1558 432">
    <p class='ocr_par' dir='ltr' id='par_1_1' title="bbox 482 375 1558 432">
     <span class='ocr_line' id='line_1_1' title="bbox 482 375 1558 432; baseline 0.012 -20"><span class='ocrx_word' id='word_1_1' title='bbox 482 388 573 432; x_wconf 74' lang='lat'><strong>⁸⁰⁴</strong></span> <span class='ocrx_word' id='word_1_2' title='bbox 765 375 1231 421; x_wconf 71' lang='lat' dir='ltr'><em>ANTHOLOGIA</em></span> <span class='ocrx_word' id='word_1_3' title='bbox 1274 379 1360 421; x_wconf 76' lang='lat' dir='ltr'><strong>LA</strong></span> <span class='ocrx_word' id='word_1_4' title='bbox 1374 381 1558 425; x_wconf 67' lang='lat' dir='ltr'><strong>rma.</strong></span> 
     </span>
    </p>
   </div>
   <div class='ocr_carea' id='block_1_2' title="bbox 1044 583 1277 620">
    <p class='ocr_par' dir='ltr' id='par_1_2' title="bbox 1044 583 1277 620">
     <span class='ocr_line' id='line_1_2' title="bbox 1044 583 1277 620; baseline 0.013 -3"><span class='ocrx_word' id='word_1_5' title='bbox 1044 583 1277 620; x_wconf 72' lang='lat' dir='ltr'><strong>Lxxxm·</strong></span> 
     </span>
    </p>
   </div>
   <div class='ocr_carea' id='block_1_3' title="bbox 853 701 1485 779">
    <p class='ocr_par' dir='ltr' id='par_1_3' title="bbox 853 701 1485 779">
     <span class='ocr_line' id='line_1_3' title="bbox 853 701 1485 779; baseline 0.013 -23"><span class='ocrx_word' id='word_1_6' title='bbox 853 701 964 756; x_wconf 68' lang='lat' dir='ltr'><strong>The</strong></span> <span class='ocrx_word' id='word_1_7' title='bbox 990 704 1168 758; x_wconf 75' lang='lat' dir='ltr'><strong>Death</strong></span> <span class='ocrx_word' id='word_1_8' title='bbox 1190 711 1264 779; x_wconf 53' lang='grc' dir='ltr'><strong>ῳ(</strong></span> <span class='ocrx_word' id='word_1_9' title='bbox 1281 708 1485 763; x_wconf 70' lang='grc' dir='ltr'><strong>Ρνίαηι.</strong></span> 
     </span>
    </p>
   </div>
   <div class='ocr_carea' id='block_1_4' title="bbox 447 802 1873 2874">
    <p class='ocr_par' dir='ltr' id='par_1_4' title="bbox 527 802 1873 879">
     <span class='ocr_line' id='line_1_4' title="bbox 527 802 1873 879; baseline 0.004 -22"><span class='ocrx_word' id='word_1_10' title='bbox 527 804 550 812; x_wconf 73' lang='grc'><strong>”</strong></span> <span class='ocrx_word' id='word_1_11' title='bbox 593 835 629 879; x_wconf 40' lang='lat' dir='ltr'><strong>»f</strong></span> <span class='ocrx_word' id='word_1_12' title='bbox 667 802 699 842; x_wconf 46' lang='grc' dir='ltr'><strong><em>Ἀ</em></strong></span> <span class='ocrx_word' id='word_1_13' title='bbox 715 811 798 859; x_wconf 90' lang='grc' dir='ltr'><strong>ΙΜ</strong></span> <span class='ocrx_word' id='word_1_14' title='bbox 806 812 896 860; x_wconf 75' lang='grc' dir='ltr'><strong>ΕΝ</strong></span> <span class='ocrx_word' id='word_1_15' title='bbox 909 820 1017 862; x_wconf 85' lang='lat' dir='ltr'><strong>erat</strong></span> <span class='ocrx_word' id='word_1_16' title='bbox 1032 829 1305 879; x_wconf 76' lang='lat' dir='ltr'><strong>caecaeque</strong></span> <span class='ocrx_word' id='word_1_17' title='bbox 1320 814 1448 863; x_wconf 78' lang='lat' dir='ltr'><strong>fores</strong></span> <span class='ocrx_word' id='word_1_18' title='bbox 1462 820 1514 864; x_wconf 82' lang='lat' dir='ltr'><strong>et</strong></span> <span class='ocrx_word' id='word_1_19' title='bbox 1529 815 1729 879; x_wconf 75' lang='lat' dir='ltr'><strong>pervius</strong></span> <span class='ocrx_word' id='word_1_20' title='bbox 1746 831 1873 863; x_wconf 83' lang='lat' dir='ltr'><strong>usus</strong></span> 
     </span>
    </p>

    <p class='ocr_par' dir='ltr' id='par_1_5' title="bbox 559 886 1872 960">
     <span class='ocr_line' id='line_1_5' title="bbox 559 886 1872 960; baseline 0.003 -20"><span class='ocrx_word' id='word_1_21' title='bbox 559 906 576 954; x_wconf 45' lang='lat' dir='ltr'><em>g</em></span> <span class='ocrx_word' id='word_1_22' title='bbox 638 886 655 913; x_wconf 64' lang='lat'><strong>²·</strong></span> <span class='ocrx_word' id='word_1_23' title='bbox 675 889 688 937; x_wconf 90' lang='lat'><strong>.‘</strong></span> <span class='ocrx_word' id='word_1_24' title='bbox 746 891 1010 942; x_wconf 78' lang='lat' dir='ltr'><strong>&#39;rectorum</strong></span> <span class='ocrx_word' id='word_1_25' title='bbox 1065 895 1196 943; x_wconf 88' lang='lat' dir='ltr'><strong>inter</strong></span> <span class='ocrx_word' id='word_1_26' title='bbox 1241 909 1294 943; x_wconf 77' lang='lat' dir='ltr'><strong>se</strong></span> <span class='ocrx_word' id='word_1_27' title='bbox 1347 894 1552 957; x_wconf 71' lang='lat' dir='ltr'><strong>Priami,</strong></span> <span class='ocrx_word' id='word_1_28' title='bbox 1599 903 1872 960; x_wconf 80' lang='lat' dir='ltr'><strong>postesque</strong></span> 
     </span>
    </p>

    <p class='ocr_par' dir='ltr' id='par_1_6' title="bbox 457 973 1853 2314">
     <span class='ocr_line' id='line_1_6' title="bbox 655 973 1042 1023; baseline 0.005 -2"><span class='ocrx_word' id='word_1_29' title='bbox 655 979 694 1019; x_wconf 55' lang='lat'><strong>2¹-</strong></span> <span class='ocrx_word' id='word_1_30' title='bbox 880 973 1042 1023; x_wconf 78' lang='lat' dir='ltr'><strong>relicti</strong></span> 
     </span>
     <span class='ocr_line' id='line_1_7' title="bbox 469 1053 1734 1120; baseline 0.002 -19"><span class='ocrx_word' id='word_1_31' title='bbox 469 1054 517 1101; x_wconf 84' lang='lat' dir='ltr'>A</span> <span class='ocrx_word' id='word_1_32' title='bbox 545 1063 700 1120; x_wconf 87' lang='lat' dir='ltr'><strong>tergo,</strong></span> <span class='ocrx_word' id='word_1_33' title='bbox 723 1053 897 1102; x_wconf 80' lang='lat' dir='ltr'><strong>infelix</strong></span> <span class='ocrx_word' id='word_1_34' title='bbox 918 1069 1017 1118; x_wconf 87' lang='lat' dir='ltr'><strong>qua</strong></span> <span class='ocrx_word' id='word_1_35' title='bbox 1039 1069 1111 1115; x_wconf 86' lang='lat' dir='ltr'><strong>se,</strong></span> <span class='ocrx_word' id='word_1_36' title='bbox 1134 1053 1250 1102; x_wconf 89' lang='lat' dir='ltr'><strong>dnm</strong></span> <span class='ocrx_word' id='word_1_37' title='bbox 1273 1069 1427 1119; x_wconf 82' lang='lat' dir='ltr'><strong>regna</strong></span> <span class='ocrx_word' id='word_1_38' title='bbox 1449 1054 1734 1117; x_wconf 86' lang='lat' dir='ltr'><strong>manebant,</strong></span> 
     </span>
     <span class='ocr_line' id='line_1_8' title="bbox 470 1133 1721 1199; baseline 0 -16"><span class='ocrx_word' id='word_1_39' title='bbox 470 1133 682 1199; x_wconf 86' lang='lat' dir='ltr'><strong>Saepius</strong></span> <span class='ocrx_word' id='word_1_40' title='bbox 704 1133 1055 1182; x_wconf 78' lang='lat' dir='ltr'><strong>Andromache</strong></span> <span class='ocrx_word' id='word_1_41' title='bbox 1076 1134 1205 1183; x_wconf 83' lang='lat' dir='ltr'><strong>ferre</strong></span> <span class='ocrx_word' id='word_1_42' title='bbox 1226 1134 1511 1183; x_wconf 78' lang='lat' dir='ltr'><strong>incomitata</strong></span> <span class='ocrx_word' id='word_1_43' title='bbox 1532 1134 1721 1183; x_wconf 79' lang='lat' dir='ltr'><strong>solebat</strong></span> 
     </span>
     <span class='ocr_line' id='line_1_9' title="bbox 470 1212 1807 1277; baseline 0.002 -17"><span class='ocrx_word' id='word_1_44' title='bbox 470 1212 552 1261; x_wconf 83' lang='lat' dir='ltr'><strong>Ad</strong></span> <span class='ocrx_word' id='word_1_45' title='bbox 576 1230 784 1272; x_wconf 83' lang='lat' dir='ltr'><strong>soceros,</strong></span> <span class='ocrx_word' id='word_1_46' title='bbox 806 1220 859 1261; x_wconf 86' lang='lat' dir='ltr'><strong>et</strong></span> <span class='ocrx_word' id='word_1_47' title='bbox 879 1229 970 1262; x_wconf 84' lang='lat' dir='ltr'><strong>avo</strong></span> <span class='ocrx_word' id='word_1_48' title='bbox 991 1229 1200 1277; x_wconf 83' lang='lat' dir='ltr'><strong>puerum</strong></span> <span class='ocrx_word' id='word_1_49' title='bbox 1224 1213 1542 1277; x_wconf 80' lang='lat' dir='ltr'><strong>Astyanacta</strong></span> <span class='ocrx_word' id='word_1_50' title='bbox 1563 1214 1807 1264; x_wconf 73' lang='lat' dir='ltr'><strong>trahebat.</strong></span> 
     </span>
     <span class='ocr_line' id='line_1_10' title="bbox 469 1292 1560 1358; baseline 0 -17"><span class='ocrx_word' id='word_1_51' title='bbox 469 1294 638 1343; x_wconf 80' lang='lat' dir='ltr'><strong>Evado</strong></span> <span class='ocrx_word' id='word_1_52' title='bbox 659 1294 722 1343; x_wconf 83' lang='lat' dir='ltr'><strong>ad</strong></span> <span class='ocrx_word' id='word_1_53' title='bbox 744 1294 922 1343; x_wconf 83' lang='lat' dir='ltr'><strong>summi</strong></span> <span class='ocrx_word' id='word_1_54' title='bbox 943 1293 1142 1358; x_wconf 78' lang='lat' dir='ltr'><strong>fastigia</strong></span> <span class='ocrx_word' id='word_1_55' title='bbox 1167 1292 1410 1350; x_wconf 84' lang='lat' dir='ltr'><strong>culminis,</strong></span> <span class='ocrx_word' id='word_1_56' title='bbox 1431 1292 1560 1341; x_wconf 81' lang='lat' dir='ltr'><strong>unde</strong></span> 
     </span>
     <span class='ocr_line' id='line_1_11' title="bbox 467 1371 1609 1423; baseline 0.002 -2"><span class='ocrx_word' id='word_1_57' title='bbox 467 1374 593 1422; x_wconf 86' lang='lat' dir='ltr'><strong>Tela</strong></span> <span class='ocrx_word' id='word_1_58' title='bbox 613 1390 761 1423; x_wconf 85' lang='lat' dir='ltr'><strong>manu</strong></span> <span class='ocrx_word' id='word_1_59' title='bbox 783 1374 950 1422; x_wconf 85' lang='lat' dir='ltr'><strong>miseri</strong></span> <span class='ocrx_word' id='word_1_60' title='bbox 973 1372 1222 1422; x_wconf 86' lang='lat' dir='ltr'><strong>iactabant</strong></span> <span class='ocrx_word' id='word_1_61' title='bbox 1242 1373 1392 1421; x_wconf 84' lang='lat' dir='ltr'><strong>inrita</strong></span> <span class='ocrx_word' id='word_1_62' title='bbox 1413 1371 1609 1423; x_wconf 83' lang='lat' dir='ltr'><strong>Teucri.</strong></span> 
     </span>
     <span class='ocr_line' id='line_1_12' title="bbox 467 1452 1844 1517; baseline 0.001 -17"><span class='ocrx_word' id='word_1_63' title='bbox 467 1452 667 1501; x_wconf 80' lang='lat' dir='ltr'><strong>Turrim</strong></span> <span class='ocrx_word' id='word_1_64' title='bbox 688 1455 739 1510; x_wconf 84' lang='lat' dir='ltr'><strong>in</strong></span> <span class='ocrx_word' id='word_1_65' title='bbox 758 1454 1015 1517; x_wconf 82' lang='lat' dir='ltr'><strong>praecipiti</strong></span> <span class='ocrx_word' id='word_1_66' title='bbox 1036 1459 1247 1502; x_wconf 85' lang='lat' dir='ltr'><strong>stantem</strong></span> <span class='ocrx_word' id='word_1_67' title='bbox 1269 1453 1569 1516; x_wconf 82' lang='lat' dir='ltr'><strong>summisque</strong></span> <span class='ocrx_word' id='word_1_68' title='bbox 1590 1453 1683 1502; x_wconf 82' lang='lat' dir='ltr'><strong>sub</strong></span> <span class='ocrx_word' id='word_1_69' title='bbox 1707 1461 1844 1502; x_wconf 75' lang='lat' dir='ltr'><strong>astra</strong></span> 
     </span>
     <span class='ocr_line' id='line_1_13' title="bbox 468 1532 1583 1594; baseline -0.002 -13"><span class='ocrx_word' id='word_1_70' title='bbox 468 1534 705 1583; x_wconf 79' lang='lat' dir='ltr'><strong>Eductam</strong></span> <span class='ocrx_word' id='word_1_71' title='bbox 728 1534 886 1594; x_wconf 88' lang='lat' dir='ltr'><strong>tectis,</strong></span> <span class='ocrx_word' id='word_1_72' title='bbox 906 1533 1037 1582; x_wconf 82' lang='lat' dir='ltr'><strong>unde</strong></span> <span class='ocrx_word' id='word_1_73' title='bbox 1057 1534 1215 1581; x_wconf 86' lang='lat' dir='ltr'><strong>omnis</strong></span> <span class='ocrx_word' id='word_1_74' title='bbox 1245 1532 1291 1581; x_wconf 85' lang='grc' dir='ltr'><strong>Τ</strong></span> <span class='ocrx_word' id='word_1_75' title='bbox 1303 1534 1412 1581; x_wconf 87' lang='lat' dir='ltr'><strong>roia</strong></span> <span class='ocrx_word' id='word_1_76' title='bbox 1432 1533 1583 1581; x_wconf 78' lang='lat' dir='ltr'><strong>videri</strong></span> 
     </span>
     <span class='ocr_line' id='line_1_14' title="bbox 467 1611 1679 1669; baseline -0.003 -7"><span class='ocrx_word' id='word_1_77' title='bbox 467 1612 530 1661; x_wconf 84' lang='lat' dir='ltr'><strong>Et</strong></span> <span class='ocrx_word' id='word_1_78' title='bbox 554 1614 780 1662; x_wconf 86' lang='lat' dir='ltr'><strong>Danaum</strong></span> <span class='ocrx_word' id='word_1_79' title='bbox 802 1613 976 1662; x_wconf 89' lang='lat' dir='ltr'><strong>solitae</strong></span> <span class='ocrx_word' id='word_1_80' title='bbox 1000 1627 1155 1661; x_wconf 83' lang='lat' dir='ltr'><strong>naves</strong></span> <span class='ocrx_word' id='word_1_81' title='bbox 1179 1621 1230 1661; x_wconf 87' lang='lat' dir='ltr'><strong>et</strong></span> <span class='ocrx_word' id='word_1_82' title='bbox 1250 1611 1476 1661; x_wconf 82' lang='lat' dir='ltr'><strong>Achaica</strong></span> <span class='ocrx_word' id='word_1_83' title='bbox 1496 1617 1679 1669; x_wconf 79' lang='lat' dir='ltr'><strong>castra,</strong></span> 
     </span>
     <span class='ocr_line' id='line_1_15' title="bbox 463 1691 1666 1759; baseline 0 -18"><span class='ocrx_word' id='word_1_84' title='bbox 463 1692 708 1759; x_wconf 83' lang='lat' dir='ltr'><strong>Adgressi</strong></span> <span class='ocrx_word' id='word_1_85' title='bbox 727 1693 858 1741; x_wconf 80' lang='lat' dir='ltr'><strong>ferro</strong></span> <span class='ocrx_word' id='word_1_86' title='bbox 887 1693 1092 1752; x_wconf 87' lang='lat' dir='ltr'><strong>circum,</strong></span> <span class='ocrx_word' id='word_1_87' title='bbox 1115 1708 1222 1757; x_wconf 90' lang='lat' dir='ltr'><strong>qua</strong></span> <span class='ocrx_word' id='word_1_88' title='bbox 1243 1707 1434 1740; x_wconf 85' lang='lat' dir='ltr'><strong>summa</strong></span> <span class='ocrx_word' id='word_1_89' title='bbox 1454 1691 1666 1741; x_wconf 80' lang='lat' dir='ltr'><strong>labantis</strong></span> 
     </span>
     <span class='ocr_line' id='line_1_16' title="bbox 463 1771 1666 1829; baseline -0.001 -9"><span class='ocrx_word' id='word_1_90' title='bbox 463 1773 720 1822; x_wconf 89' lang='lat' dir='ltr'><strong>Iuncturas</strong></span> <span class='ocrx_word' id='word_1_91' title='bbox 742 1773 962 1822; x_wconf 84' lang='lat' dir='ltr'><strong>tabulata</strong></span> <span class='ocrx_word' id='word_1_92' title='bbox 982 1772 1183 1829; x_wconf 86' lang='lat' dir='ltr'><strong>dabant,</strong></span> <span class='ocrx_word' id='word_1_93' title='bbox 1216 1771 1531 1820; x_wconf 74' lang='lat' dir='ltr'><strong>convellimus</strong></span> <span class='ocrx_word' id='word_1_94' title='bbox 1551 1771 1666 1820; x_wconf 84' lang='lat' dir='ltr'><strong>altis</strong></span> 
     </span>
     <span class='ocr_line' id='line_1_17' title="bbox 461 1851 1813 1918; baseline -0.002 -16"><span class='ocrx_word' id='word_1_95' title='bbox 461 1852 689 1914; x_wconf 87' lang='lat' dir='ltr'><strong>Sedibus,</strong></span> <span class='ocrx_word' id='word_1_96' title='bbox 709 1853 1079 1918; x_wconf 84' lang='lat' dir='ltr'><strong>inpulimusque</strong></span> <span class='ocrx_word' id='word_1_97' title='bbox 1100 1871 1114 1915; x_wconf 86' lang='lat'>3</span> <span class='ocrx_word' id='word_1_98' title='bbox 1151 1867 1211 1901; x_wconf 82' lang='lat' dir='ltr'><strong>ea</strong></span> <span class='ocrx_word' id='word_1_99' title='bbox 1233 1851 1374 1917; x_wconf 84' lang='lat' dir='ltr'><strong>lapsa</strong></span> <span class='ocrx_word' id='word_1_100' title='bbox 1395 1859 1598 1917; x_wconf 85' lang='lat' dir='ltr'><strong>repente</strong></span> <span class='ocrx_word' id='word_1_101' title='bbox 1619 1851 1813 1900; x_wconf 82' lang='lat' dir='ltr'><strong>ruinam</strong></span> 
     </span>
     <span class='ocr_line' id='line_1_18' title="bbox 459 1931 1792 1996; baseline -0.002 -14"><span class='ocrx_word' id='word_1_102' title='bbox 459 1931 584 1982; x_wconf 86' lang='lat' dir='ltr'><strong>Cum</strong></span> <span class='ocrx_word' id='word_1_103' title='bbox 606 1932 767 1981; x_wconf 84' lang='lat' dir='ltr'><strong>sonitu</strong></span> <span class='ocrx_word' id='word_1_104' title='bbox 788 1932 944 1981; x_wconf 87' lang='lat' dir='ltr'><strong>trahit</strong></span> <span class='ocrx_word' id='word_1_105' title='bbox 963 1940 1014 1980; x_wconf 85' lang='lat' dir='ltr'><strong>et</strong></span> <span class='ocrx_word' id='word_1_106' title='bbox 1036 1932 1265 1980; x_wconf 86' lang='lat' dir='ltr'><strong>Danaum</strong></span> <span class='ocrx_word' id='word_1_107' title='bbox 1290 1946 1438 1995; x_wconf 84' lang='lat' dir='ltr'><strong>super</strong></span> <span class='ocrx_word' id='word_1_108' title='bbox 1459 1932 1657 1996; x_wconf 83' lang='lat' dir='ltr'><strong>agmina</strong></span> <span class='ocrx_word' id='word_1_109' title='bbox 1691 1931 1792 1980; x_wconf 77' lang='lat' dir='ltr'><strong>late</strong></span> 
     </span>
     <span class='ocr_line' id='line_1_19' title="bbox 458 2010 1748 2072; baseline 0 -13"><span class='ocrx_word' id='word_1_110' title='bbox 458 2010 656 2060; x_wconf 87' lang='lat' dir='ltr'><strong>Incidit.</strong></span> <span class='ocrx_word' id='word_1_111' title='bbox 727 2011 827 2060; x_wconf 87' lang='lat' dir='ltr'><strong>Ast</strong></span> <span class='ocrx_word' id='word_1_112' title='bbox 849 2011 935 2060; x_wconf 90' lang='lat' dir='ltr'><strong>alii</strong></span> <span class='ocrx_word' id='word_1_113' title='bbox 954 2011 1183 2072; x_wconf 85' lang='lat' dir='ltr'><strong>subeunt,</strong></span> <span class='ocrx_word' id='word_1_114' title='bbox 1211 2027 1302 2060; x_wconf 90' lang='lat' dir='ltr'><strong>nec</strong></span> <span class='ocrx_word' id='word_1_115' title='bbox 1325 2026 1463 2069; x_wconf 81' lang='lat' dir='ltr'><strong>saxa,</strong></span> <span class='ocrx_word' id='word_1_116' title='bbox 1483 2026 1572 2060; x_wconf 85' lang='lat' dir='ltr'><strong>nec</strong></span> <span class='ocrx_word' id='word_1_117' title='bbox 1593 2010 1748 2060; x_wconf 75' lang='lat' dir='ltr'><strong>ullun.</strong></span> 
     </span>
     <span class='ocr_line' id='line_1_20' title="bbox 457 2091 1270 2156; baseline 0.001 -17"><span class='ocrx_word' id='word_1_118' title='bbox 457 2091 689 2139; x_wconf 79' lang='lat' dir='ltr'><strong>Telorum</strong></span> <span class='ocrx_word' id='word_1_119' title='bbox 712 2092 899 2140; x_wconf 86' lang='lat' dir='ltr'><strong>interea</strong></span> <span class='ocrx_word' id='word_1_120' title='bbox 919 2098 1079 2141; x_wconf 85' lang='lat' dir='ltr'><strong>cessat</strong></span> <span class='ocrx_word' id='word_1_121' title='bbox 1097 2106 1270 2156; x_wconf 83' lang='lat' dir='ltr'><strong>genus.</strong></span> 
     </span>
     <span class='ocr_line' id='line_1_21' title="bbox 523 2168 1853 2235; baseline 0.002 -18"><span class='ocrx_word' id='word_1_122' title='bbox 523 2168 845 2218; x_wconf 85' lang='lat' dir='ltr'><strong>Vestibulum</strong></span> <span class='ocrx_word' id='word_1_123' title='bbox 902 2181 1018 2220; x_wconf 86' lang='lat' dir='ltr'><strong>ante</strong></span> <span class='ocrx_word' id='word_1_124' title='bbox 1075 2173 1235 2235; x_wconf 88' lang='lat' dir='ltr'><strong>ipsum</strong></span> <span class='ocrx_word' id='word_1_125' title='bbox 1277 2171 1535 2235; x_wconf 87' lang='lat' dir='ltr'><strong>primoque</strong></span> <span class='ocrx_word' id='word_1_126' title='bbox 1580 2171 1631 2218; x_wconf 89' lang='lat' dir='ltr'><strong>in</strong></span> <span class='ocrx_word' id='word_1_127' title='bbox 1686 2171 1853 2220; x_wconf 86' lang='lat' dir='ltr'><strong>limine</strong></span> 
     </span>
     <span class='ocr_line' id='line_1_22' title="bbox 643 2248 871 2314; baseline 0.013 -18"><span class='ocrx_word' id='word_1_128' title='bbox 643 2248 871 2314; x_wconf 82' lang='lat' dir='ltr'><strong>Pyrrhus</strong></span> 
     </span>
    </p>

    <p class='ocr_par' dir='ltr' id='par_1_7' title="bbox 447 2327 1849 2874">
     <span class='ocr_line' id='line_1_23' title="bbox 453 2327 1485 2394; baseline 0.001 -18"><span class='ocrx_word' id='word_1_129' title='bbox 453 2327 710 2391; x_wconf 83' lang='lat' dir='ltr'><strong>Exsultat,</strong></span> <span class='ocrx_word' id='word_1_130' title='bbox 734 2329 847 2378; x_wconf 85' lang='lat' dir='ltr'><strong>telis</strong></span> <span class='ocrx_word' id='word_1_131' title='bbox 867 2337 919 2379; x_wconf 86' lang='lat' dir='ltr'><strong>et</strong></span> <span class='ocrx_word' id='word_1_132' title='bbox 941 2330 1050 2379; x_wconf 90' lang='lat' dir='ltr'><strong>luce</strong></span> <span class='ocrx_word' id='word_1_133' title='bbox 1072 2346 1307 2380; x_wconf 88' lang='lat' dir='ltr'><strong>coruscus</strong></span> <span class='ocrx_word' id='word_1_134' title='bbox 1328 2344 1485 2394; x_wconf 82' lang='lat' dir='ltr'><strong>aena3</strong></span> 
     </span>
     <span class='ocr_line' id='line_1_24' title="bbox 451 2406 1831 2474; baseline 0.003 -19"><span class='ocrx_word' id='word_1_135' title='bbox 451 2406 624 2467; x_wconf 83' lang='lat' dir='ltr'><strong>Qualis</strong></span> <span class='ocrx_word' id='word_1_136' title='bbox 638 2408 722 2457; x_wconf 90' lang='lat' dir='ltr'><strong>ubi</strong></span> <span class='ocrx_word' id='word_1_137' title='bbox 777 2410 827 2457; x_wconf 90' lang='lat' dir='ltr'><strong>in</strong></span> <span class='ocrx_word' id='word_1_138' title='bbox 846 2408 1003 2458; x_wconf 89' lang='lat' dir='ltr'><strong>lucem</strong></span> <span class='ocrx_word' id='word_1_139' title='bbox 1025 2411 1225 2459; x_wconf 83' lang='lat' dir='ltr'><strong>coluber</strong></span> <span class='ocrx_word' id='word_1_140' title='bbox 1244 2410 1375 2458; x_wconf 86' lang='lat' dir='ltr'><strong>mala</strong></span> <span class='ocrx_word' id='word_1_141' title='bbox 1394 2409 1620 2474; x_wconf 83' lang='lat' dir='ltr'><strong>gramina</strong></span> <span class='ocrx_word' id='word_1_142' title='bbox 1643 2418 1831 2474; x_wconf 73' lang='lat' dir='ltr'><strong>pastuS,</strong></span> 
     </span>
     <span class='ocr_line' id='line_1_25' title="bbox 449 2486 1809 2554; baseline 0.003 -19"><span class='ocrx_word' id='word_1_143' title='bbox 449 2486 653 2552; x_wconf 77' lang='lat' dir='ltr'><strong>Frigida</strong></span> <span class='ocrx_word' id='word_1_144' title='bbox 677 2489 767 2538; x_wconf 86' lang='lat' dir='ltr'><strong>sub</strong></span> <span class='ocrx_word' id='word_1_145' title='bbox 792 2498 925 2537; x_wconf 87' lang='lat' dir='ltr'><strong>terra</strong></span> <span class='ocrx_word' id='word_1_146' title='bbox 947 2490 1192 2539; x_wconf 87' lang='lat' dir='ltr'><strong>tumidum</strong></span> <span class='ocrx_word' id='word_1_147' title='bbox 1215 2505 1362 2554; x_wconf 88' lang='lat' dir='ltr'><strong>quem</strong></span> <span class='ocrx_word' id='word_1_148' title='bbox 1389 2490 1566 2537; x_wconf 89' lang='lat' dir='ltr'><strong>bruma</strong></span> <span class='ocrx_word' id='word_1_149' title='bbox 1588 2491 1809 2554; x_wconf 85' lang='lat' dir='ltr'><strong>tegebat,</strong></span> 
     </span>
     <span class='ocr_line' id='line_1_26' title="bbox 447 2566 1763 2634; baseline 0.002 -19"><span class='ocrx_word' id='word_1_150' title='bbox 447 2566 608 2629; x_wconf 87' lang='lat' dir='ltr'><strong>Nunc,</strong></span> <span class='ocrx_word' id='word_1_151' title='bbox 630 2570 805 2632; x_wconf 83' lang='lat' dir='ltr'><strong>positis</strong></span> <span class='ocrx_word' id='word_1_152' title='bbox 828 2583 983 2617; x_wconf 85' lang='lat' dir='ltr'><strong>novus</strong></span> <span class='ocrx_word' id='word_1_153' title='bbox 1007 2571 1201 2618; x_wconf 83' lang='lat' dir='ltr'><strong>exuviis</strong></span> <span class='ocrx_word' id='word_1_154' title='bbox 1222 2569 1505 2634; x_wconf 86' lang='lat' dir='ltr'><strong>nitidusque</strong></span> <span class='ocrx_word' id='word_1_155' title='bbox 1536 2566 1763 2631; x_wconf 86' lang='lat' dir='ltr'><strong>iuventa,</strong></span> 
     </span>
     <span class='ocr_line' id='line_1_27' title="bbox 447 2647 1533 2714; baseline 0.002 -20"><span class='ocrx_word' id='word_1_156' title='bbox 447 2647 659 2696; x_wconf 87' lang='lat' dir='ltr'><strong>Lubrica</strong></span> <span class='ocrx_word' id='word_1_157' title='bbox 686 2648 935 2698; x_wconf 83' lang='lat' dir='ltr'><strong>convolvit</strong></span> <span class='ocrx_word' id='word_1_158' title='bbox 956 2648 1151 2698; x_wconf 86' lang='lat' dir='ltr'><strong>sublato</strong></span> <span class='ocrx_word' id='word_1_159' title='bbox 1171 2657 1369 2714; x_wconf 86' lang='lat' dir='ltr'><strong>pectore</strong></span> <span class='ocrx_word' id='word_1_160' title='bbox 1391 2656 1533 2714; x_wconf 86' lang='lat' dir='ltr'><strong>terga</strong></span> 
     </span>
     <span class='ocr_line' id='line_1_28' title="bbox 448 2728 1749 2794; baseline 0.002 -18"><span class='ocrx_word' id='word_1_161' title='bbox 448 2728 653 2778; x_wconf 87' lang='lat' dir='ltr'><strong>Arduus</strong></span> <span class='ocrx_word' id='word_1_162' title='bbox 679 2728 744 2776; x_wconf 87' lang='lat' dir='ltr'><strong>ad</strong></span> <span class='ocrx_word' id='word_1_163' title='bbox 767 2728 942 2790; x_wconf 84' lang='lat' dir='ltr'><strong>solem,</strong></span> <span class='ocrx_word' id='word_1_164' title='bbox 961 2737 1011 2777; x_wconf 91' lang='lat' dir='ltr'><strong>et</strong></span> <span class='ocrx_word' id='word_1_165' title='bbox 1032 2729 1217 2794; x_wconf 83' lang='lat' dir='ltr'><strong>linguis</strong></span> <span class='ocrx_word' id='word_1_166' title='bbox 1238 2730 1390 2777; x_wconf 81' lang='lat' dir='ltr'><strong>micat</strong></span> <span class='ocrx_word' id='word_1_167' title='bbox 1409 2745 1494 2778; x_wconf 89' lang='lat' dir='ltr'><strong>ore</strong></span> <span class='ocrx_word' id='word_1_168' title='bbox 1518 2730 1749 2780; x_wconf 85' lang='lat' dir='ltr'><strong>trisulcis.</strong></span> 
     </span>
     <span class='ocr_line' id='line_1_29' title="bbox 449 2806 1849 2874; baseline 0.001 -16"><span class='ocrx_word' id='word_1_169' title='bbox 449 2808 559 2858; x_wconf 82' lang='lat' dir='ltr'><strong>Una</strong></span> <span class='ocrx_word' id='word_1_170' title='bbox 582 2811 758 2870; x_wconf 73' lang='lat' dir='ltr'><strong>ingens</strong></span> <span class='ocrx_word' id='word_1_171' title='bbox 779 2806 1026 2874; x_wconf 81' lang='lat' dir='ltr'><strong>Periphas</strong></span> <span class='ocrx_word' id='word_1_172' title='bbox 1048 2818 1101 2859; x_wconf 85' lang='lat' dir='ltr'><strong>et</strong></span> <span class='ocrx_word' id='word_1_173' title='bbox 1116 2823 1357 2874; x_wconf 88' lang='lat' dir='ltr'><strong>equorum</strong></span> <span class='ocrx_word' id='word_1_174' title='bbox 1376 2809 1595 2873; x_wconf 83' lang='lat' dir='ltr'><strong>agitator</strong></span> <span class='ocrx_word' id='word_1_175' title='bbox 1619 2810 1849 2869; x_wconf 76' lang='lat' dir='ltr'><strong>Achillis,</strong></span> 
     </span>
    </p>
   </div>
   <div class='ocr_carea' id='block_1_5' title="bbox 471 785 712 1031">
    <p class='ocr_par' dir='ltr' id='par_1_8' title="bbox 471 785 712 1031">
     <span class='ocr_line' id='line_1_30' title="bbox 471 785 712 1031; baseline 0 2469"><span class='ocrx_word' id='word_1_176' title='bbox 471 785 712 1031; x_wconf 95' lang='lat' dir='ltr'><strong> </strong></span> 
     </span>
    </p>
   </div>
  </div>
 </body>
</html>
