2100 3500
523 455 618 491 220
810 442 1276 488 ANTHOLOG‘IA
1318 444 1605 488 LATINA.

1149 680 1286 716 CLVI.

817 801 1328 873 Metamorphoseon.
1411 802 1532 859 Lib.
1558 804 1613 859 ii.

870 930 981 983 The
1008 930 1215 985 Pala-ve
1240 932 1314 1000 of
1331 933 1414 986 the
1441 932 1567 985 Suu.

506 1060 509 1064 ’
525 1038 731 1150 ww?
729 1058 931 1108 EGIA
950 1058 1075 1107 Solis
1093 1070 1202 1106 erat
1217 1057 1503 1106 sublimibus
1518 1057 1620 1105 alta
1636 1059 1896 1109 columnis.

689 1096 705 1126 A

671 1094 741 1173 *⁴*
787 1137 937 1189 Clara
957 1139 1167 1187 micante
1190 1154 1309 1187 auro
1325 1138 1682 1201 flammasque'
1666 1142 1891 1187 imitante

530 1145 744 1266 &Q
913 1235 1123 1284 pyropo,

513 1298 622 1347 Cui·
614 1314 667 1347 ιε
688 1299 810 1348 ebur
824 1300 1031 1348 nitidum
1056 1299 1254 1365 fastigia
1276 1315 1466 1349 summa
1488 1299 1707 1363 tegebat,

514 1375 729 1440 Argenti
747 1376 928 1425 bifores
948 1377 1211 1425 radiabant
1231 1376 1415 1424 lumine
1435 1376 1618 1424 valvae.

514 1456 778 1505 Materiam
798 1458 1063 1522 superabat
1084 1474 1237 1522 opus:
1286 1456 1418 1505 Nam
1440 1455 1684 1519 Mulciber
1701 1457 1801 1506 illic

512 1537 748 1599 Aequora
767 1538 995 1596 caelarat,
1017 1538 1203 1587 medias
1224 1538 1471 1603 cingentia
1495 1545 1670 1595 terras,

512 1616 874 1681 Terrarumque
906 1618 1092 1680 orbem,
1111 1618 1414 1682 caelumque,
1447 1617 1577 1682 quod
1610 1617 1834 1667 imminet
1927 1635 1947 1666 t

715 1698 840 1746 orbi.
1085 1687 1088 1691 “

512 1780 776 1830 Caeruleos
798 1779 946 1828 habet
966 1779 1100 1829 unda
1121 1778 1268 1836 Deo&
1291 1778 1495 1828 Tritona
1516 1794 1768 1837 canorum,

510 1859 783 1924 Proteaque
805 1859 1105 1925 ambiguum,
1127 1860 1540 1923 balaenarumque
1560 1866 1859 1924 prementem

510 1939 780 2004 Aegaeona
802 1940 902 1989 suis
923 1940 1156 1989 immania
1178 1948 1320 2005 terga
1340 1940 1554 2000 lacertis,

509 2019 793 2083 Doridaque
814 2027 866 2068 et
886 2027 1047 2077 natas,
1070 2036 1278 2084 quarum
1300 2036 1416 2084 pars
1437 2036 1557 2068 nare
1578 2019 1791 2077 videtur,

508 2099 633 2148 Pars
654 2101 705 2148 in
723 2100 849 2148 mole
873 2101 1042 2149 sedens
1064 2100 1240 2153 virides
1263 2101 1446 2149 siccare
1467 2099 1697 2164 capillos3

507 2178 648 2229 Pisce
668 2181 780 2229 vehi
801 2180 1054 2244 quaedam.
1118 2180 1290 2229 Facies
1311 2195 1409 2229 non
1430 2180 1654 2229 omnibus
1677 2194 1797 2240 una,

507 2258 614 2308 Nec
635 2261 830 2309 diversa
847 2268 1011 2308 tamen
1033 2279 1045 2309 t
1080 2259 1276 2325 qualem
1297 2261 1437 2309 decet
1457 2275 1562 2308 esse
1587 2275 1827 2308 sororum.

507 2340 665 2389 Terra
686 2341 815 2390 viros
837 2341 1079 2404 urbesque
1101 2341 1229 2406 gerit
1250 2340 1494 2404 silvasque
1514 2339 1743 2403 ferasque

504 2419 829 2484 Fluminaque
851 2428 902 2468 et
923 2419 1182 2487 Nymphas
1203 2430 1254 2469 et
1275 2429 1438 2470 cetera
1455 2420 1660 2468 numina
1680 2422 1829 2471 ruris.

507 2501 646 2550 Haec
667 2517 812 2565 super
832 2501 1042 2566 inposita
1064 2510 1140 2550 est
1161 2501 1284 2550 caeli
1306 2501 1541 2565 fulgentis
1564 2502 1746 2564 imago,

506 2580 754 2644 Signaque
776 2596 864 2628 sex
887 2580 1073 2629 foribus
1096 2581 1301 2636 dextris,
1321 2579 1621 2643 totidemque
1644 2580 1873 2629 sinistris.

510 2658 621 2718 Quo
643 2659 786 2707 simul
809 2658 989 2707 acclivo
1010 2656 1301 2724 Clymeneia
1319 2658 1474 2707 limite
1497 2658 1657 2723 proles

506 2737 677 2796 Venit,
699 2744 750 2786 et
770 2740 973 2787 intravit
995 2739 1205 2805 dubitati
1226 2746 1355 2787 tecta
1374 2740 1609 2804 parentis,

508 2813 737 2863 Protinus
758 2815 820 2863 ad
842 2817 1027 2879 patrios
1048 2832 1139 2865 sua
1159 2818 1255 2866 fert
1275 2816 1482 2879 vestigia
1501 2816 1681 2880 vultus,
