2100 3500
523 435 617 480 330
807 418 1269 461 ANTHOLOGIA
1322 420 1606 464 LATINA.

522 511 610 559 Bis
630 510 869 559 domitum
887 511 1030 560 civile
1050 511 1211 572 nefas,
1253 511 1330 560 bis
1350 516 1574 577 rupimus
1596 504 1773 579 Alpna'

522 589 621 639 Tot
639 606 728 638 nos
749 590 879 639 bella
896 591 1072 639 docent
1091 591 1216 639 nulli
1236 595 1419 642 servire
1442 596 1688 658 tyrann0.'

571 671 834 734 Deriguitz
870 686 981 734 spes
1001 670 1137 719 nulla
1157 672 1325 736 fugae,
1369 689 1509 738 seges
1530 674 1746 738 undique
1765 671 1871 721 ferri

523 747 832 798 Circumfusa
852 750 1014 804 micat,
1037 752 1237 800 Dextra
1256 751 1491 816 laevaque
1512 755 1760 803 revinctus

525 827 716 884 Haesit,
735 835 787 877 et
807 829 1047 877 ensiferae
1069 832 1258 894 stupuit
1278 847 1509 881 mucrone
1529 848 1755 882 coronae.

527 906 601 956 Ut
621 909 744 969 fera,
765 923 891 971 quae
913 917 1103 957 montes
1123 926 1279 975 nuper
1301 911 1488 961 dimisit
1508 914 1684 969 avitos,

528 987 855 1051 Altorumque
875 989 1015 1038 exsul
1038 1005 1291 1038 nemorum
1314 991 1576 1041 damnatur
1597 990 1810 1039 harenae

529 1067 837 1128 Muneribus,
858 1076 1101 1117 commota
1121 1070 1251 1133 ruit3
1285 1071 1362 1118 vir
1382 1086 1634 1120 murmure
1653 1080 1822 1120 contra

530 1147 791 1205 Hortatur,
814 1150 1057 1212 nixusque
1077 1165 1208 1212 genu
1230 1149 1470 1199 venabula
1491 1151 1662 1200 tendit.

475 1279 482 1288 ,
530 1227 625 1275 Illa
643 1235 788 1291 pavet
807 1228 1063 1293 strepitus,
1082 1243 1359 1294 cuneosque
1376 1237 1543 1278 erecta
1563 1229 1751 1279 theatri

537 1307 766 1370 Respicit,
785 1314 838 1355 et
858 1309 984 1356 tanti
1003 1308 1214 1356 miratur
1235 1307 1379 1356 sibila
1399 1308 1547 1374 vulgi.

1342 1391 1442 1437 Lib.
1466 1403 1523 1437 11.
1549 1405 1592 1437 v.
1617 1393 1840 1439 348·399.

1102 1515 1323 1554 oonvm.

851 1623 937 1675 De
962 1622 1084 1675 HJ.
1122 1621 1281 1676 C'ons.
1309 1620 1562 1675 Honorit‘.

1032 1752 1394 1806 Introduction.

773 1916 775 1924 y
795 1862 1033 1912 ARVOS
1055 1879 1154 1912 non
1175 1864 1352 1927 aquilis
1370 1864 1446 1912 fas
1458 1870 1535 1912 est
1548 1864 1758 1913 educere
1770 1864 1901 1923 fetus,

575 1945 612 1971 ’ἃ
645 1934 680 2004 ’ζῗ
706 1951 783 2021 μά
889 1944 1025 1993 Ante
1046 1945 1194 1992 fidem
1217 1944 1333 1993 solis
1371 1944 1706 2008 iudiciumque
1728 1944 1834 2009 poli.

562 2046 580 2067 ι
600 2055 610 2062 ,
630 2029 669 2064 -“’
684 2020 780 2075 ΐὲῐτ
828 2024 956 2073 Nam
980 2034 1138 2089 pater,
1161 2039 1370 2073 excusso
1392 2023 1543 2072 saluit
1563 2039 1680 2071 cum
1702 2024 1901 2089 tegmine

729 2104 903 2169 proles,

600 2186 806 2247 Ovaque
826 2191 1077 2232 maternus
1099 2185 1236 2248 rupit
1255 2184 1424 2234 hiulca
1442 2191 1601 2246 tepor,

542 2266 772 2315 Protinus
794 2263 1049 2327 implumes
1069 2266 1310 2314 convertit
1329 2264 1393 2313 ad
1415 2265 1614 2313 aethera
1636 2262 1792 2320 nidos,

607 2345 675 2395 Et
694 2352 828 2394 recto
847 2343 1070 2393 flammas
1091 2345 1302 2409 imperat
1321 2359 1406 2393 ore
1426 2345 1545 2408 pati.

545 2424 771 2476 Consulit
789 2423 1015 2473 ardentes
1035 2424 1217 2486 radios,
1238 2431 1289 2473 et
1308 2424 1419 2473 luce
1441 2424 1682 2488 magistra

609 2504 853 2554 Natorum
873 2504 1003 2552 vires
1023 2504 1373 2568 ingeniumque
1393 2503 1586 2567 probat.

547 2584 849 2650 Degenerem
864 2581 1039 2644 refugo
1047 2584 1194 2632 torsit
1212 2584 1300 2647 qui
1319 2581 1503 2630 lumine
1525 2580 1702 2638 visum,

607 2662 871 2727 Unguibus
891 2660 1023 2710 buno
1044 2662 1202 2710 saevis
1222 2662 1298 2710 ira
1316 2667 1521 2724 paterna
1542 2660 1672 2710 ferit.

556 2741 903 2806 fllxploratores
922 2740 1077 2791 oculis
1098 2742 1184 2806 qui
1202 2740 1407 2806 pertulit
1426 2741 1585 2805 ignes,

612 2820 957 2873 ,sustinuitque
975 2821 1084 2866 acie
1103 2820 1344 2869 nobiliore
1364 2819 1514 2880 diem,
