2100 3500
752 401 794 443 ι
807 402 934 446 voa
945 404 1106 449 svs,
1521 430 1546 462 2
1549 430 1608 477 ⁵7

807 632 1017 673 chxxL

505 742 614 797 1⁷}oe
648 744 825 799 Grove
848 766 980 800 near
1005 750 1327 806 Marseilles.

261 842 475 952 {fgf'gffi
493 865 677 916 UCUS
697 876 805 916 erat
823 868 972 934 longo
992 883 1263 934 numquam
1282 868 1494 918 violatus
1519 869 1583 918 ab

253 918 475 1039 {ne}
651 960 788 1006 ae

261 1050 302 1068 ψ·
360 990 465 1054 “⁴¹5'-
520 1023 795 1073 Obscurum
814 1025 1013 1089 cingens
1034 1027 1268 1074 connexis
1292 1028 1410 1074 aera
1429 1028 1581 1077 ramis

230 1101 296 1151 Et
317 1103 508 1169 gelidas
528 1105 627 1153 alte
649 1104 886 1154 submotis
910 1105 1095 1155 solibus
1118 1106 1333 1156 umbras,

231 1182 381 1232 Hunc
401 1199 498 1231 non
518 1184 757 1232 ruricolae
778 1184 956 1247 Panes,
976 1200 1330 1250 nemorumque
1352 1194 1574 1249 potentes

231 1262 418 1313 Silvani
439 1263 799 1330 Nymphaeque
822 1272 1008 1325 tenent,
1032 1265 1118 1314 sed
1138 1266 1351 1314 barbara
1372 1268 1470 1315 ritu

231 1344 385 1393 Sacra
405 1345 570 1402 deum,
590 1353 804 1395 structae
823 1346 945 1393 diris
964 1345 1203 1394 altaribus
1223 1361 1364 1410 nrae3

230 1424 498 1489 Omnisque
519 1425 748 1474 humanis
768 1426 977 1475 lustrata
998 1425 1254 1475 cruoribus
1275 1427 1435 1476 arbos.

233 1504 288 1555 Si
307 1521 408 1570 qua
427 1505 575 1555 fidem
597 1507 779 1554 meruit
803 1521 1006 1571 superos
1027 1507 1207 1555 mirata
1226 1516 1461 1568 vetustae,

230 1585 339 1635 Illis
359 1593 410 1634 et
431 1586 652 1635 volucres
674 1593 899 1635 metuunt
919 1587 1147 1635 insistere
1168 1587 1334 1646 ramis,

228 1666 297 1715 Et
313 1666 485 1716 lustris
505 1666 742 1716 recubare
758 1666 893 1716 ferae
913 1685 926 1716 τ
958 1682 1049 1715 nec
1072 1673 1246 1715 ventus
1267 1668 1319 1714 in
1341 1666 1450 1715 illas

227 1746 463 1797 Incubuit
482 1747 646 1809 silvas,
666 1762 971 1813 excussaque
993 1745 1207 1796 nubibus
1229 1749 1350 1796 atris

226 1826 479 1892 Fulgura:
512 1843 610 1876 non
632 1827 745 1877 ullis
767 1827 988 1876 frondem
1010 1827 1359 1892 praebentibus
1381 1829 1514 1877 auris

226 1906 509 1956 Arboribus
530 1923 647 1956 suus
666 1907 843 1956 horror
862 1908 1003 1956 inest.
1072 1907 1200 1956 Tum
1221 1907 1433 1972 plurima
1455 1909 1610 1973 nigris

229 1986 468 2036 Fontibus
487 1987 623 2036 unda
633 1986 781 2049 cadit,
795 1988 1154 2052 simulacraque
1165 1996 1354 2037 maesta
1369 1988 1570 2037 deorum

228 2067 358 2116 Arte
377 2075 564 2129 carent,
585 2068 839 2132 caesisque
859 2076 1036 2118 extant
1057 2069 1288 2118 informia
1309 2070 1509 2117 truncis.

225 2146 342 2212 Ipse
364 2149 491 2197 situs
511 2150 742 2213 putrique
765 2148 886 2197 facit
906 2150 1005 2197 iam
1025 2149 1200 2198 robore
1221 2148 1380 2213 pallor

226 2228 487 2277 Attonitos
509 2246 522 2277 ε
554 2243 655 2277 non
675 2228 888 2293 vulgat-is
910 2236 1106 2278 sacrata
1125 2229 1300 2294 figuris

226 2305 447 2359 Numina
468 2309 540 2356 sic
562 2316 815 2359 metuunt:
848 2316 1042 2358 tantum
1065 2309 1336 2359 terroribus
1357 2309 1510 2366 addit,

229 2386 367 2448 Quos
387 2389 596 2437 timeant
615 2403 714 2436 non
733 2404 875 2437 nosse
897 2388 1028 2437 deos.
1095 2388 1204 2437 Iam
1225 2388 1358 2438 fama
1378 2389 1563 2438 ferebat

229 2466 385 2532 Saepe
405 2482 553 2517 cavas
573 2475 711 2517 motu
729 2475 893 2517 terrae
912 2469 1105 2533 mugire
1125 2483 1377 2530 caverna,

226 2546 294 2595 Et
313 2546 688 2613 procumbentes
708 2549 890 2597 iterum
910 2562 1205 2612 consurgere
1229 2554 1387 2610 taxos»,

229 2627 296 2676 Et
315 2643 415 2677 non
435 2626 655 2677 ardentis
676 2627 867 2694 fulgere
887 2627 1114 2677 incendia
1135 2628 1304 2688 silvae,

233 2707 526 2772 Roboraque
547 2707 800 2773 amplexos
819 2707 1210 2758 circumfluxisse
1229 2708 1479 2758 dracones.

227 2785 341 2838 Non
360 2787 502 2837 illum
523 2786 662 2837 cultu
681 2787 848 2853 populi
869 2788 1098 2852 propiore
1118 2786 1452 2851 frequentant,

915 2879 944 2916 Ι
