2100 3500
490 358 584 404 20⁶
775 351 1240 397 ANrHoLoou
1290 353 1378 396 LA
1390 341 1578 397 miv-A.

547 444 783 496 Forsitan
803 452 855 495 et
893 445 1082 496 Priami
1103 447 1289 497 fuerint
1310 464 1438 512 quae
1458 449 1563 498 fata
1603 450 1842 513 requiras.

488 525 645 575 Urbis
667 526 743 575 uti
766 533 939 590 captae
959 542 1128 576 casum
1150 528 1474 592 convolsaque
1497 529 1620 578 vidit

486 604 682 653 Limina
700 612 937 654 tectorum
952 614 1004 654 et
1020 606 1235 654 medium
1252 607 1305 655 in
1316 608 1653 672 penetralibus
1665 609 1875 673 hostem,

486 688 648 733 Arma
668 685 754 733 diu
777 686 942 734 senior
963 685 1167 735 desueta
1186 686 1511 736 trementibus
1531 703 1654 736 aevo

487 764 775 814 circumdat
794 766 1096 831 nequiquam
1151 768 1352 828 umeris,
1374 775 1426 815 et
1446 767 1621 816 inutile
1643 768 1833 817 ferrum

486 846 736 910 Cingitur,
758 861 816 894 ac
837 845 1013 895 densos
1034 845 1194 895 fertur
1215 848 1486 895 moriturus
1506 849 1558 895 in
1579 848 1753 899 hostis.

487 926 711 975 Aedibus
734 926 788 974 in
806 926 981 974 mediis
1000 926 1230 990 nudoque
1249 925 1341 975 sub
1363 927 1577 976 aetheris
1600 942 1697 976 axe

489 1008 672 1072 Ingens
693 1021 783 1056 ara
802 1006 900 1055 fuit
922 1008 1161 1070 iuxtaque
1182 1008 1446 1055 veterrima
1467 1006 1656 1069 laurus,

488 1087 783 1136 Incumbens
804 1102 920 1135 arae
941 1094 1094 1150 atque
1116 1088 1292 1137 umbra
1312 1087 1552 1152 conplexa
1572 1088 1806 1140 Penates·

490 1168 588 1216 Hic
612 1167 816 1216 Hecuba
835 1174 887 1215 et
907 1174 1055 1216 natae
1077 1168 1377 1231 nequiquam
1399 1167 1579 1217 altaria
1598 1169 1806 1230 circum,

490 1247 796 1312 Praecipites
816 1254 928 1297 atra
947 1262 1039 1296 ceu
1062 1254 1352 1312 tempestate
1372 1248 1645 1305 columbae,

493 1327 779 1377 Condensae
800 1335 852 1376 et
872 1327 1032 1376 divom
1055 1327 1316 1392 amplexae
1338 1327 1602 1378 simulacra
1623 1328 1875 1378 sedebant.

493 1407 664 1471 Ipsum
683 1415 848 1456 autem
870 1409 1079 1472 sumptis
1101 1406 1353 1456 Priamum
1378 1406 1685 1457 iuvenalibus
1706 1410 1856 1457 armis

494 1487 568 1536 Ut
588 1487 730 1545 vidit,
752 1486 893 1546 Quae
915 1502 1054 1535 mens
1075 1494 1177 1535 tam
1201 1487 1328 1549 dira,
1348 1488 1623 1535 miserrime
1645 1489 1879 1549 coniunx,

495 1567 681 1631 Inpulit
700 1567 778 1615 his
799 1567 932 1631 cingi
953 1567 1067 1616 telis
1086 1567 1110 1614 Ρ
1145 1573 1234 1615 aut
1254 1582 1353 1631 quo
1373 1566 1521 1615 ruis?
1556 1567 1735 1630 iuquit.

495 1646 610 1696 Non
637 1646 725 1696 tali
746 1646 936 1696 auxilio
955 1662 1047 1695 nec
1069 1645 1408 1696 defensoribus
1429 1647 1538 1696 istis

494 1726 710 1793 Tempus
750 1732 886 1792 eget,
951 1741 1049 1775 non
1061 1761 1075 1784 ,
1111 1727 1155 1775 si
1199 1727 1306 1792 ipse
1343 1741 1482 1776 meus
1517 1741 1651 1775 nunc
1693 1725 1883 1776 adforet

690 1811 891 1858 Hector.

498 1890 613 1938 Huc
635 1889 833 1938 tandem
853 1888 1064 1937 concede
1081 1907 1096 1953 3
1132 1888 1253 1936 haec
1275 1904 1365 1937 ara
1385 1888 1606 1937 tuebitur
1626 1888 1805 1948 omniS,

494 1971 606 2018 Aut
628 1970 837 2018 moriere
860 1968 1023 2020 simul.
1094 1969 1176 2018 Sic
1196 1984 1283 2017 ore
1303 1968 1454 2018 effata
1474 1969 1661 2032 recepit

497 2049 580 2098 Ad
605 2065 710 2098 sese
730 2057 781 2098 et
803 2064 943 2097 sacra
964 2048 1258 2114 longaevum
1280 2050 1331 2096 in
1355 2047 1469 2096 sede
1490 2047 1681 2097 locavit.

560 2129 687 2177 Ecce
708 2137 874 2177 autem
895 2128 1093 2193 elapsus
1113 2128 1301 2192 Pyrrhi
1322 2127 1383 2176 de
1405 2127 1552 2176 caede
1574 2127 1779 2190 Polites,

496 2208 642 2257 Unus
663 2216 891 2257 natorum
914 2208 1121 2269 Priami,
1141 2223 1232 2272 per
1253 2208 1368 2268 tela,
1390 2223 1479 2271 per
1498 2207 1654 2256 hostis

496 2280 776 2337 Por-tinibus
795 2289 957 2353 longis
978 2287 1126 2352 fugit,
1147 2295 1199 2336 et
1222 2302 1372 2336 vacua
1393 2288 1523 2335 atria
1542 2285 1726 2335 lustrat

499 2367 725 2418 Saucius.
760 2366 911 2416 Illum
931 2368 1110 2417 ardens
1133 2366 1312 2416 infesto
1332 2366 1530 2415 volnere
1551 2366 1782 2431 Pyrrhus

496 2448 798 2512 Insequitur,
815 2448 912 2496 iam
926 2447 1125 2511 iamque
1138 2461 1289 2494 manu
1301 2452 1438 2494 tenet
1452 2453 1503 2493 et
1513 2447 1696 2510 premit
1710 2445 1866 2494 hasta.

499 2528 571 2577 Ut
595 2529 792 2578 tandem
814 2535 929 2576 ante
950 2526 1118 2576 oculos
1140 2527 1298 2575 evasit
1316 2533 1368 2574 et
1386 2541 1474 2574 ora
1493 2533 1775 2590 parentum,

496 2608 740 2666 Concidit,
761 2624 820 2657 ac
838 2608 992 2656 multo
1012 2608 1167 2656 vitam
1188 2622 1300 2655 cum
1323 2608 1561 2672 sanguine
1582 2606 1723 2656 fudit.

498 2690 595 2739 Hie
639 2689 888 2750 Priamus,
931 2702 1234 2752 quamquam
1279 2687 1331 2734 in
1374 2685 1536 2734 media
1584 2686 1683 2734 iam
1726 2693 1879 2735 morte

692 2776 907 2828 tenetur,
