2100 3500
775 449 815 490 L
830 448 1086 491 UGRETI
1095 449 1191 491 ΠΒ.
1621 444 1683 497 43

293 538 444 598 Quod
466 547 688 604 superest
707 540 828 603 arvi,
847 547 1012 589 tamen
1031 541 1083 590 id
1103 548 1283 590 natura
1303 557 1392 590 sua
1411 543 1460 591 vi

293 618 529 668 Sentibus
547 619 776 680 obducat,
797 621 852 669 ni
872 621 945 669 vis
965 620 1182 669 humana
1199 623 1398 671 resistat

292 697 441 747 Vitai
459 714 609 748 causa
626 698 787 748 valido
804 710 1036 749 consueta
1055 700 1241 749 bidenti

292 779 554 843 Ingemere
575 787 627 828 et
645 787 824 828 terram
848 782 1028 845 pressis
1043 780 1351 845 proscindere
1371 783 1561 832 aratris.

293 858 354 907 Si
375 875 470 907 non
490 859 721 908 fecundas
741 867 983 909 vertentes
1001 875 1197 909 vomere
1217 859 1385 924 glebas

292 937 567 1002 Terraique
587 940 742 987 solum
764 939 1044 1004 subigentes
1065 941 1220 989 cimus
1241 940 1304 987 ad
1323 945 1479 999 ortus,

294 1017 480 1080 Sponte
502 1034 591 1066 sua
610 1027 855 1082 nequeant
875 1018 1087 1082 liquidas
1106 1020 1318 1067 existere
1339 1019 1392 1066 in
1412 1034 1576 1078 auras,

292 1097 366 1144 Et
385 1106 549 1146 tamen
567 1099 811 1147 interdum
832 1114 1013 1163 magno
1033 1100 1257 1162 quaesita
1275 1099 1444 1147 labore

290 1177 424 1226 Cum
444 1178 543 1225 iam
561 1192 651 1242 per
669 1185 829 1227 terras
849 1178 1080 1227 frondent
1099 1186 1249 1242 atque
1272 1180 1437 1228 omnia
1454 1179 1649 1241 florent,

290 1257 406 1303 Aut
425 1258 587 1306 nimiis
607 1265 763 1307 torret
783 1258 1055 1307 fervoribus
1077 1258 1322 1307 aetherius
1342 1258 1415 1307 sol

291 1336 406 1382 Aut
424 1337 573 1385 subiti
593 1344 849 1401 peremunt
870 1337 1041 1386 imbris
1060 1337 1346 1402 gelidaeque
1364 1338 1587 1402 pruinae,

289 1414 571 1479 Flabraque
591 1423 847 1465 ventorum
867 1417 1081 1465 violento
1099 1416 1296 1465 turbine
1319 1425 1517 1465 vexant.

286 1489 556 1540 Praeterea
570 1506 727 1556 genus
745 1492 1038 1541 horriferum
1060 1499 1240 1540 natura
1258 1492 1473 1540 ferarum

287 1562 552 1616 Humanae
567 1569 704 1632 genti
722 1568 954 1617 infestum
972 1575 1202 1630 terraque
1221 1569 1442 1630 marique

288 1645 399 1693 Cur
419 1643 509 1693 alit
528 1653 675 1707 atque
697 1653 847 1709 auget
863 1646 888 1694 ἰ’
918 1661 1009 1693 cur
1029 1646 1146 1694 anni
1167 1653 1388 1710 tempora
1406 1645 1601 1694 morbos

288 1719 576 1785 Adportant
593 1721 617 1769 ἲ
648 1737 802 1787 quare
819 1737 951 1771 mors
971 1722 1235 1771 immatura
1253 1729 1461 1785 vagatur
1473 1722 1497 1770 ἰ’

286 1797 425 1845 Tum
445 1811 592 1861 porro
611 1812 750 1862 puer,
768 1805 828 1846 ut
847 1798 1001 1846 saevis
1019 1799 1264 1862 proiectus
1284 1797 1347 1846 ab
1369 1797 1515 1846 undis

287 1873 492 1935 Navita,
510 1873 672 1923 nudus
691 1874 830 1922 humi
851 1875 992 1931 iacet,
1016 1874 1194 1931 infans,
1214 1873 1410 1937 indigus
1428 1875 1561 1923 omni

288 1953 454 2002 Vitali
475 1954 676 2017 auxilio,
697 1970 810 2003 cum
829 1954 1041 2018 primum
1064 1954 1114 2002 in
1136 1953 1334 2002 luminis
1355 1968 1467 2001 oras

287 2033 508 2082 Nixibus
529 2049 594 2081 ex
614 2033 724 2082 alvo
745 2035 915 2082 matris
935 2041 1114 2082 natura
1132 2033 1369 2098 profudit,
1444 2030 1451 2038 '

287 2113 583 2178 Vagituque
604 2113 763 2163 locum
784 2113 985 2178 lugubri
1004 2113 1232 2178 complet,
1253 2121 1312 2162 ut
1331 2120 1551 2162 aecumst

285 2193 387 2242 Cui
409 2200 600 2242 tantum
620 2195 674 2242 in
693 2194 794 2242 vita
812 2201 963 2243 restet
983 2195 1194 2243 transire
1216 2193 1471 2242 malorum.

286 2274 366 2321 At
386 2274 549 2322 variae
568 2279 793 2322 crescunt
811 2272 1021 2337 pecudes
1041 2280 1263 2322 armenta
1284 2274 1514 2337 feraeque

285 2353 396 2402 Nec
415 2354 728 2417 crepitacillis
748 2369 871 2418 opus
891 2361 967 2403 est
984 2368 1075 2402 uec
1095 2354 1324 2417 cuiquam
1343 2353 1669 2403 adhibendast

284 2432 469 2481 Almae
488 2433 695 2481 nutricis
714 2432 893 2482 blanda
914 2439 1063 2496 atque
1086 2433 1297 2481 infracta
1314 2432 1547 2495 loquella,

286 2511 395 2561 Nec
417 2514 580 2561 varias
600 2519 845 2575 quaerunt
864 2521 1027 2561 vestes
1048 2528 1140 2576 pro
1161 2518 1380 2575 tempore
1400 2512 1538 2574 caeli,

283 2592 517 2656 Denique
536 2607 638 2640 non
658 2593 808 2641 armis
828 2607 951 2656 opus
970 2600 1063 2653 est,
1084 2608 1183 2640 non
1203 2592 1454 2640 moenibus
1473 2591 1605 2654 altis,

285 2670 388 2729 Qui
410 2686 502 2720 sua
523 2678 764 2728 tutentur,
785 2670 980 2735 quando
1000 2671 1227 2719 omnibus
1247 2671 1410 2718 omnia
1431 2671 1567 2735 large

283 2750 455 2800 Tellus
474 2752 583 2815 ipsa
601 2752 736 2815 parit
756 2757 1026 2815 naturaque
1047 2750 1252 2800 daedala
1271 2766 1451 2799 rerum.

1384 2846 1427 2880 v.
1451 2835 1673 2879 2oo·234.
