2100 3500
461 421 550 477 148

743 411 1208 456 AA'THOLOGIA
1263 412 1554 456 LATINA.

646 505 857 555 Periura
877 520 1125 571 pugnaces
1144 504 1366 555 Achivos

710 586 968 635 Hectoreis
988 585 1164 650 opibus
1183 586 1434 651 refringit,

586 666 880 731 Nostrisque
901 666 1105 715 ductum
1127 665 1448 715 seditionibus

584 746 777 794 Bellum
799 745 1008 796 resedit:
1042 747 1269 811 protinus
1290 754 1342 795 et
1360 747 1529 811 gravis

648 828 760 876 Iras
778 834 831 875 et
851 826 1066 875 invisum
1086 832 1333 891 nepotem,

710 902 891 952 Troica
912 918 1058 966 quem
1083 905 1276 967 peperit
1298 903 1541 963 sacerdoS,

586 984 741 1032 Marti
764 983 1013 1032 redonabo
1033 1000 1045 1030 ε
1077 983 1217 1032 illum
1239 998 1335 1049 ego
1353 983 1541 1032 lucidas

586 1064 720 1113 Inire
741 1064 898 1124 sedes,
919 1062 1099 1111 ducere
1119 1064 1334 1111 nectaris

651 1143 807 1192 Sucos
825 1151 879 1192 et
898 1141 1113 1191 adscribi
1134 1142 1316 1207 quietis

713 1221 985 1272 Ordinibus
1002 1223 1168 1286 patiar
1189 1222 1411 1270 deorum.

589 1304 722 1351 Dum
743 1302 922 1367 longus
944 1305 1074 1350 inter
1095 1302 1283 1351 saeviat
1301 1302 1431 1350 Ilion

592 1384 893 1454 Romamque
917 1391 1114 1447 pontus,
1137 1382 1356 1447 qualibet·
1375 1382 1572 1431 exsules

649 1463 711 1512 In
731 1469 874 1526 parte
895 1469 1136 1526 regnanto
1154 1461 1314 1525 beati3

714 1542 848 1591 Dum
871 1540 1063 1590 Priami
1082 1540 1374 1607 Paridisque
1393 1542 1539 1591 busto

585 1622 800 1672 Insultet
820 1629 1097 1670 armentum
1117 1630 1168 1670 et
1188 1621 1375 1671 catulos
1396 1622 1531 1671 ferae

587 1701 761 1752 Celent
784 1701 985 1760 inultae,
1007 1710 1106 1752 stet
1128 1701 1425 1768 Capitolium

651 1781 885 1847 Fulgens,
905 1781 1320 1847 triumphatisque
1335 1783 1496 1846 possit

716 1862 876 1910 Roma
896 1861 1040 1910 ferox
1060 1861 1181 1910 dare
1202 1862 1313 1910 iura
1334 1861 1511 1910 Medis.

588 1941 851 1991 Horrenda
871 1942 971 1990 late
981 1957 1171 1990 ’nomen
1193 1943 1245 1990 in
1259 1941 1465 1990 ultimas

588 2021 840 2070 Extendat
861 2037 991 2079 orae,
1014 2036 1115 2084 qua
1134 2022 1324 2070 medius
1344 2020 1507 2086 liquor

655 2101 878 2150 Secernit
897 2102 1132 2166 Europen
1152 2102 1216 2150 ab
1237 2100 1387 2162 Afro,

718 2180 830 2240 Qua
851 2181 1069 2230 tumidus
1090 2182 1224 2246 rigat
1244 2196 1365 2230 arva
1386 2180 1549 2233 Nilus.

588 2260 788 2310 Aurum
811 2262 1116 2326 inrepertum
1138 2269 1190 2311 et
1212 2263 1283 2311 sic
1304 2261 1479 2310 melius
1502 2263 1675 2325 situm,

588 2341 715 2390 Cum
738 2349 873 2390 terra
894 2341 1038 2402 celat,
1062 2356 1293 2406 spernere
1314 2342 1488 2391 fortior

651 2420 814 2479 Quam
836 2436 1012 2485 cogere
1032 2421 1273 2470 humanos
1294 2423 1346 2470 in
1363 2437 1486 2470 usus

717 2500 874 2550 Omne
895 2514 1090 2549 sacrum
1107 2502 1332 2566 rapiente
1352 2501 1537 2550 dextra„

589 2580 896 2645 Quicumque
918 2580 1103 2628 mundo
1124 2583 1362 2630 terminus
1385 2581 1614 2644 obstitig.

591 2661 738 2710 Hunc
760 2668 938 2727 tangat
957 2659 1129 2722 armis„
1152 2662 1308 2710 visere
1328 2662 1545 2726 gestiens

653 2740 767 2799 Qua
788 2749 931 2806 parte
952 2739 1320 2790 debacchentur
1340 2743 1495 2806 ignes,

716 2820 832 2880 Qua
852 2820 1060 2869 nebulae
1082 2821 1333 2886 pluviique
1351 2836 1509 2871 rores.
