2100 3500
458 433 550 480 ²54
744 420 1206 464 ANTHOLOGIA
1257 421 1546 465 ιΑΤιΝΑ.

455 509 683 559 Caesarie
704 510 885 573 lacera,
906 512 1149 577 nudisque
1166 512 1361 562 adstare
1380 513 1595 575 lacertis,

459 592 522 640 Et
542 593 726 655 gemitu
749 593 995 656 permixta
1014 593 1175 657 loquis
1212 600 1226 624 ‘
1244 593 1356 653 Quo
1378 594 1578 644 tenditis
1597 595 1728 644 ultra
1747 598 1769 643 ’ἐ

454 672 566 731 Quo
588 671 728 721 fertis
750 688 858 721 mea
882 675 1042 737 signs,
1065 673 1199 722 viri?
1253 673 1306 723 Si
1329 676 1438 723 iure
1459 676 1654 731 venitis,

455 750 509 799 Si
530 751 680 812 cives,
700 751 796 800 hue
822 768 977 816 usque
998 753 1148 803 lieet!
1212 753 1340 802 Tum
1362 754 1572 818 perculit
1595 754 1769 804 horror

454 830 681 880 Membra
695 832 860 896 ducis3
882 834 1080 898 riguere
1094 845 1279 896 comae,
1293 850 1590 899 gressusque
1605 850 1828 884 coercens

454 911 684 975 Languor
706 912 757 960 iu
780 919 1004 961 extrema
1027 915 1188 962 tenuit
1206 914 1416 979 vestigia
1435 915 1560 979 ripa.

453 991 697 1043 Mox-ait:
732 999 746 1023 ‘
762 992 806 1042 O
826 1008 1036 1057 magnae
1057 993 1145 1057 qui
1166 993 1358 1046 moenis
1377 994 1614 1057 prospieis
1637 994 1774 1042 urbis

452 1071 667 1135 Tarpeia
685 1073 746 1120 de
770 1089 905 1137 rupe,
929 1072 1147 1134 Tonans,
1169 1072 1480 1137 Phrygiique
1501 1082 1703 1136 penates

452 1152 629 1203 Gentis
650 1152 833 1210 Iuleae,
855 1161 909 1202 et
930 1153 1062 1217 rapti
1083 1161 1273 1202 secreta
1294 1152 1513 1212 Quirini,

447 1232 518 1281 Et
540 1231 756 1281 residens
775 1232 906 1281 eelsa
928 1231 1135 1282 Latialis
1157 1232 1381 1297 Iuppiter
1401 1232 1553 1294 Alba,

452 1312 774 1377 Vestalesque
794 1313 908 1370 foci,
928 1314 1204 1378 summique
1225 1331 1256 1361 0
1274 1314 1490 1362 numinis
1513 1314 1666 1361 instar

452 1392 625 1453 Roma,
646 1394 756 1441 fave
776 1394 975 1457 coeptis.
1043 1392 1158 1442 Non
1180 1401 1230 1442 te
1250 1392 1508 1443 furialibus
1530 1396 1680 1443 armis

449 1474 744 1537 Persequor.
808 1473 904 1536 En,
926 1474 1118 1534 adsum,
1144 1474 1297 1522 vietor
1318 1481 1548 1537 terraque
1569 1476 1792 1538 marique

449 1552 650 1614 Caesar,
681 1553 867 1618 ubique
902 1563 1034 1615 tuus,
1066 1552 1211 1603 liceat
1242 1552 1405 1614 mode,
1438 1569 1568 1602 nune
1601 1569 1812 1617 quoque,

641 1634 791 1683 miles.

451 1713 539 1762 Ille
558 1715 671 1772 erit,
693 1713 776 1764 ille
797 1729 994 1775 noueris,
1017 1714 1105 1778 qui
1125 1729 1204 1764 me
1226 1714 1316 1763 tibi
1339 1712 1512 1764 feeerit
1530 1714 1750 1765 hostem:

446 1793 569 1842 Inde
593 1810 752 1842 moras
774 1795 917 1844 solvit
938 1794 1075 1856 belli,
1092 1794 1432 1858 tumidumque
1451 1810 1538 1858 per
1561 1810 1750 1843 amnem

449 1875 603 1938 Signa
626 1874 740 1922 tulit
758 1889 982 1939 propere.
1055 1873 1194 1923 Sicut
1215 1874 1550 1937 squalentibus
1571 1879 1701 1922 arvis

448 1954 728 2003 Aestiferae
749 1953 934 2017 Libyes
955 1955 1060 2002 viso
1082 1953 1158 2002 leo
1179 1954 1450 2003 comminus
1471 1953 1611 2002 hoste

449 2032 678 2082 Subsedit
697 2034 893 2094 dubius,
914 2040 1068 2082 totam
1090 2034 1206 2082 dum
1228 2033 1418 2098 colligit
1437 2034 1591 2096 iram3

447 2112 572 2160 Mox
594 2113 679 2162 ubi
701 2130 753 2161 se
775 2129 946 2162 saevae
970 2112 1244 2162 stimulavit
1263 2114 1466 2161 verbere
1486 2113 1668 2162 caudae

448 2193 716 2257 Erexitque
738 2194 895 2256 iubas,
917 2200 1055 2242 vasto
1075 2203 1126 2242 et
1145 2208 1295 2257 grave
1315 2208 1540 2241 murmur
1562 2193 1699 2241 hiatu

446 2274 726 2333 infremuit,
772 2282 896 2335 tum,
919 2281 1050 2322 torta
1073 2273 1192 2321 levis
1215 2273 1260 2322 si
1279 2272 1450 2321 lancea
1470 2272 1634 2321 Mauri

448 2354 684 2413 Haereat,
708 2363 796 2403 aut
816 2354 971 2402 latum
993 2353 1202 2402 subeant
1223 2351 1462 2400 venabula
1482 2361 1670 2416 peetuS,

446 2433 546 2482 Per
567 2434 774 2495 ferrum,
796 2435 923 2482 tanti
944 2448 1146 2482 securus
1170 2432 1402 2494 vulneris,
1422 2432 1539 2481 exit.

510 2513 666 2562 Fonte
685 2514 818 2563 eadit
838 2513 1041 2572 modice,
1063 2512 1329 2577 parvisque
1352 2510 1618 2575 impellitur
1641 2512 1783 2560 undis

449 2591 692 2642 Puniceus
719 2593 957 2654 Rubicon«,
979 2606 1090 2639 cum
1115 2591 1304 2639 fervida
1326 2591 1526 2639 canduit
1544 2600 1731 2641 aestus:

446 2671 641 2736 Perque
663 2674 786 2721 im8,s
807 2673 963 2736 serpit
985 2671 1153 2731 valles,
1173 2678 1226 2719 et
1247 2670 1441 2721 Gallica
1461 2679 1626 2720 οπως

447 2751 612 2800 Limes
635 2751 698 2799 ab
720 2752 960 2800 Ausoniis
981 2752 1293 2800 disterminat
1313 2765 1432 2799 srva
1452 2750 1653 2800 solonis.

447 2826 575 2875 'rum
599 2829 731 2876 vires
754 2827 1020 2892 praebebat
1040 2828 1248 2892 hiemps,
1270 2836 1420 2893 atque
1441 2836 1653 2878 auxerat
1674 2829 1825 2878 undas
