2100 3500
453 427 517 475 ⁷0
744 413 1208 456 szruotoou
1257 413 1541 457 Larum.

455 505 706 554 Submissa
726 505 932 570 placide,
954 504 1321 569 blandiloquens
1340 506 1512 554 oratio.

451 585 649 633 Etenim
670 586 768 649 ipsi
789 585 839 635 di
864 601 1047 650 negare
1068 586 1150 633 cui
1171 584 1294 633 nihil
1315 590 1599 649 potuerunt,

454 666 713 714 Hominem
735 680 814 713 me
837 664 1082 730 denegare
1104 666 1217 729 quis
1229 673 1394 723 nosset
1412 665 1516 728 pati
1532 663 1558 707 ἲ

452 745 560 807 Ego
581 743 657 792 bia
681 744 879 792 tricenis
900 745 1042 792 annis
1063 744 1185 792 actia
1207 745 1313 791 sine
1330 753 1447 791 nota

451 822 617 885 Eques
640 838 870 871 romanus
889 837 955 871 ex
975 822 1080 870 lare
1100 837 1327 887 egressus
1346 837 1456 870 meo

451 901 667 950 Domum
688 909 912 950 revortar
931 903 1127 949 mimus.
1197 900 1445 950 Nimirum
1466 899 1559 949 hoc
1580 901 1661 950 die

458 980 567 1030 Uno
587 982 698 1047 plus
719 983 823 1029 vixi
843 981 966 1030 mihi
988 996 1135 1045 quam
1159 981 1419 1029 vivendum
1441 979 1550 1030 fuit.

451 1061 688 1123 Fortuna,
703 1060 1022 1109 immoderata
1040 1061 1092 1108 in
1113 1061 1241 1109 bono
1265 1075 1420 1124 aeque
1441 1066 1590 1123 atque
1611 1059 1664 1108 in
1684 1059 1846 1120 malo,

453 1139 506 1188 Si
528 1141 617 1189 tibi
640 1148 750 1189 erat
770 1140 980 1196 libitum,
998 1140 1275 1189 litterarum
1301 1138 1525 1187 laudibus

454 1219 656 1268 Florens
676 1234 909 1268 cacumen
931 1229 1126 1267 nostrae
1148 1219 1309 1266 famae
1331 1218 1575 1281 frangere,

450 1300 571 1359 Cur,
593 1315 705 1348 cum
726 1300 951 1361 vigebam
973 1299 1206 1348 membris
1226 1297 1687 1364 praeviridantibuS,

453 1378 745 1429 satisfacere
766 1380 946 1444 populo
966 1388 1017 1428 et
1037 1380 1126 1428 tali
1146 1396 1257 1428 cum
1276 1386 1491 1443 poteram
1516 1379 1639 1439 viro,

450 1458 565 1506 Non
587 1459 849 1508 flexibilem
872 1475 949 1507 me
970 1460 1291 1516 concurvasfi,
1309 1467 1366 1507 ut
1386 1472 1611 1523 carperes
1625 1457 1649 1504 ⁸?

450 1537 596 1586 Nunc
617 1554 696 1586 me
720 1555 817 1601 quo
839 1538 1046 1587 deiicis?
1081 1539 1199 1602 quid
1223 1539 1285 1586 ad
1309 1554 1502 1586 scenam
1525 1536 1694 1585 adfero
1708 1534 1736 1584 P

451 1616 691 1665 Decorem
713 1618 900 1666 formae
922 1631 987 1666 an
1008 1617 1299 1682 dignitatem
1320 1616 1553 1680 corporiS,

450 1697 623 1744 Animi
642 1699 873 1746 virtutem
895 1712 960 1744 an
982 1697 1115 1746 vocis
1139 1695 1380 1745 iucundae
1404 1710 1575 1744 sonum
1589 1693 1614 1741 ἲ

449 1775 523 1824 Ut
543 1776 725 1826 hedera
746 1793 947 1840 serpens
970 1779 1100 1826 vires
1122 1777 1352 1826 arboreas
1373 1783 1532 1838 necat,

451 1857 531 1904 Ita
553 1873 630 1904 me
653 1866 869 1906 vetustas
891 1859 1125 1921 amplexu
1146 1873 1386 1906 annorum
1408 1863 1597 1909 enecat.

453 1935 674 2001 sepulcri
695 1938 869 1987 similis
888 1939 1009 1987 nihil
1028 1939 1124 1987 nisi
1143 1954 1321 1987 nomen
1344 1939 1543 1987 retineo.
1568 1987 1574 1992 ,
