2100 3500
524 441 583 486 ⁸2
815 435 1274 477 ANTHOLOGIA
1328 436 1607 477 LATINA.

525 529 599 577 At
621 528 818 579 rabidae
840 530 995 593 tigres
1018 528 1201 577 absunt
1221 535 1273 577 et
1293 543 1442 577 saeva
1461 528 1652 577 leonum

526 607 743 668 Semina,
761 624 853 658 uec
873 610 1079 660 miseros
1095 607 1281 657 fallunt
1302 609 1500 656 aconita
1521 607 1748 671 legentis,

526 688 629 737 Nec
650 691 781 754 rapit
802 690 1047 738 inmensos
1069 686 1202 737 orbis
1222 702 1311 750 per
1331 686 1554 747 humum,
1574 700 1739 748 neque
1761 695 1913 734 tante

527 766 801 831 Squameus
822 770 874 817 in
896 769 1083 833 spiram
1104 774 1265 817 tractu
1311 781 1365 814 se
1415 766 1612 831 colligit
1635 766 1834 829 anguis.

526 847 669 900 Adde
693 855 766 897 tot
785 849 1013 913 egregias
1035 847 1182 896 urbes
1204 860 1509 910 operumque
1530 845 1769 905 laborem,

526 924 625 974 Tot
643 934 876 990 congesta
895 941 1044 974 manu
1066 924 1344 990 praeruptis
1365 922 1546 987 oppida
1564 922 1717 980 saxis,

525 1004 852 1070 Fluminaque
876 1007 1107 1065 antiquos
1129 1003 1520 1053 subterlabentis
1541 1018 1722 1051 muros.

526 1086 613 1133 An
640 1101 794 1146 mare,
821 1084 953 1148 quod
984 1099 1152 1148 supra,
1175 1099 1458 1145 memorem,
1491 1083 1720 1148 quodque
1752 1082 1921 1133 adluit

719 1165 851 1214 infru
866 1165 889 1212 ἲ

529 1245 676 1292 Anne
697 1244 831 1293 lacus
851 1252 1033 1306 tantos,
1056 1253 1125 1305 te,
1146 1243 1262 1292 Lari
1285 1260 1533 1304 maxume,
1555 1251 1717 1307 teque.

528 1324 784 1373 Fluctibus
804 1333 855 1374 et
877 1325 1078 1374 fremitu
1101 1324 1372 1389 adsurgens
1395 1323 1588 1372 Benace
1612 1325 1801 1371 marino
1822 1323 1851 1371 P

529 1404 615 1452 An
634 1421 895 1453 memorem
918 1414 1091 1469 portus
1111 1404 1427 1469 Lucrinoque
1449 1404 1617 1454 addita
1637 1403 1859 1452 claustra

526 1484 699 1549 Atque
719 1485 1024 1549 indignatum
1050 1488 1244 1550 magnis
1269 1486 1566 1534 stridoribus
1589 1498 1791 1548 aequor,

532 1563 660 1612 Iulia
681 1580 781 1628 qua
800 1574 950 1629 ponto
969 1564 1116 1629 longe
1137 1574 1278 1613 sonat
1300 1564 1434 1613 unda
1457 1563 1620 1614 refuso

529 1643 913 1709 Tyrrhenusque
936 1644 1076 1694 fretis
1099 1645 1369 1694 inmittitur
1391 1653 1559 1694 aestus
1582 1644 1797 1691 Avernis
1821 1644 1850 1690 :³

533 1723 666 1774 Haec
687 1724 857 1774 eadem
878 1726 1074 1791 argenti
1096 1726 1228 1775 rivos
1250 1728 1479 1789 aerisque
1501 1723 1702 1773 metalla

532 1805 757 1853 Ostendit
780 1806 914 1853 venis
954 1813 1104 1868 atque
1126 1821 1249 1854 auro
1272 1806 1491 1868 plurima
1510 1804 1669 1852 fluxit.

530 1884 666 1933 Haec
700 1900 855 1949 genus
894 1900 1006 1934 scre
1039 1886 1220 1947 virum,
1257 1886 1453 1935 Marsos
1505 1884 1781 1950 pubemque
1822 1884 1915 1932 Sa·

724 1962 919 2024 bellam,

529 2042 895 2107 Adsuetumque
929 2043 1057 2091 malo
1089 2042 1325 2107 Ligurem
1374 2043 1680 2107 Volscosque
1713 2053 1915 2092 verutos

531 2122 741 2182 Extulit,
756 2122 877 2170 baec
895 2121 1074 2171 Decios
1109 2122 1298 2171 Marios
1336 2138 1636 2186 magnosque
1658 2122 1914 2181 Camillos,

532 2200 778 2265 Scipiadas
800 2201 949 2251 duros
973 2202 1100 2250 bello
1141 2210 1191 2250 et
1212 2209 1279 2263 te,
1301 2218 1528 2250 maxume
1554 2201 1756 2261 Caesar,

530 2280 630 2338 Qui
653 2296 779 2329 nunc
800 2283 1033 2330 extremis
1055 2283 1209 2330 Asiae
1229 2283 1327 2330 iam
1352 2283 1505 2331 victor
1526 2284 1577 2331 in
1597 2284 1697 2330 oris

530 2360 762 2409 Inbeilem
784 2363 967 2410 avertis
988 2361 1222 2410 Romanis
1244 2363 1439 2411 arcibus
1461 2361 1658 2411 Indum.

530 2439 688 2502 Salve,
711 2456 890 2504 magna
911 2456 1090 2504 parens
1111 2441 1331 2505 frugum,
1362 2441 1595 2491 Saturnia
1617 2441 1778 2502 tellus,

527 2519 715 2585 Magna
736 2522 924 2584 virum3
959 2520 1047 2569 tibi
1071 2535 1150 2569 res
1170 2523 1402 2585 antiquae
1426 2521 1585 2571 laudis
1606 2534 1656 2571 et
1677 2524 1800 2572 artis

526 2598 802 2663 Ingredior,
825 2608 1017 2650 sanctos
1041 2616 1190 2650 ausus
1214 2602 1465 2651 recludere
1485 2602 1650 2665 fontis,

528 2679 893 2744 Ascraeumque
914 2694 1036 2728 cano
1063 2680 1285 2730 Romana
1306 2697 1395 2745 per
1411 2682 1592 2747 oppida
1616 2698 1826 2731 carmen.

1612 2779 1651 2810 v.
1683 2768 1894 2813 1³⁴·17a
