2100 3500
699 442 730 450 '¹
780 441 1090 497 OVIDIUS.
1290 451 1295 456 ’
1525 465 1618 517 233

240 545 349 594 Hoc
369 560 464 610 ego
485 543 754 609 Pegasidas
776 543 960 593 deduXi
977 545 1166 609 primus
1188 543 1251 592 ad
1271 543 1442 604 undas,

247 655 252 658 -
305 625 383 673 Ne
407 624 531 672 male
551 624 787 673 fecundae
809 640 932 673 vena
951 626 1138 689 periret
1158 639 1331 688 aquae.

242 705 439 754 Primus
456 705 509 764 id
529 706 700 768 aspexi
721 706 903 755 teneris
922 706 975 754 in
994 705 1201 770 virginis
1222 704 1381 765 anuis,

304 783 475 847 thue
494 792 637 848 pater
656 792 799 832 natae
820 784 1019 848 duxque
1037 799 1296 847 comesque
1315 783 1404 834 fui.

242 864 377 928 Ergo
398 863 440 911 si
461 869 715 911 remanent
735 863 874 927 ignes
897 863 987 912 tibi
1006 863 1217 927 pectoris
1237 861 1382 917 idem,

307 941 423 992 Sola
442 949 584 990 tuum
603 948 739 991 vates
760 942 940 990 Lesbia
959 943 1121 990 vincet
1142 955 1280 1006 opus.

240 1022 339 1071 Sed
362 1036 547 1079 vereor,
567 1036 629 1069 ne
654 1029 701 1069 te
715 1036 824 1069 mea
846 1036 975 1070 nuno
995 1021 1194 1069 fortuna
1215 1019 1446 1079 retardet,

303 1100 522 1165 Postque
542 1116 675 1149 meos
695 1116 838 1149 casus
860 1102 925 1149 sit
947 1100 1039 1150 tibi
1059 1108 1228 1165 pectus
1249 1100 1398 1149 iners.

240 1180 374 1229 Dum
394 1180 549 1236 licuit,
572 1187 659 1229 tua
680 1195 823 1245 saepe
843 1181 983 1240 mihi,
1001 1180 1093 1228 tibi
1116 1189 1287 1228 nostra
1307 1179 1531 1244 legebam
1547 1199 1562 1229 ε
1598 1210 1605 1226 ,

305 1259 461 1323 Saepe
483 1261 557 1309 tui
575 1260 743 1314 iudex,
766 1275 909 1323 saepe
930 1261 1165 1324 magister
1181 1275 1344 1309 eramz
1592 1251 1597 1254 ’

241 1341 349 1388 Aut
368 1354 460 1404 ego
481 1339 776 1403 praebebam
798 1339 941 1388 factis
961 1339 1105 1387 modo
1125 1339 1345 1388 versibus
1365 1343 1522 1396 aures,

301 1418 425 1474 Aut,
447 1420 532 1468 ubi
551 1434 783 1479 cessans,
803 1433 951 1467 causa
970 1418 1162 1466 ruboris
1181 1434 1330 1466 eram.

241 1498 467 1546 Forsitan
488 1498 728 1562 exemplo,
748 1499 866 1561 quia
886 1513 963 1548 me
984 1497 1171 1546 laesere
1195 1497 1361 1555 libelli,

303 1576 382 1624 Tu
404 1574 604 1640 quoque'
617 1579 684 1625 sis
704 1591 887 1640 poenae
903 1576 1034 1625 facta
1048 1576 1193 1625 ruina
1212 1591 1364 1623 meae.

239 1653 389 1713 Pone,
405 1654 600 1713 Perilla,
616 1664 817 1704 metum.
862 1655 1223 1704 Tantummodo
1242 1655 1425 1704 femina
1441 1669 1538 1702 non
1552 1654 1617 1703 sit

302 1736 478 1798 Devia,
489 1752 580 1785 neo
598 1736 790 1800 seriptis
810 1734 970 1784 diseat
986 1750 1152 1785 amare
1173 1736 1285 1784 tuis.

239 1816 374 1881 Ergo
393 1815 609 1864 desidiae
630 1830 837 1876 remove,
861 1816 1159 1876 doctissima,
1182 1830 1372 1874 causas,

301 1894 460 1958 Inque
481 1891 632 1942 bonas
653 1894 784 1943 artes
805 1903 856 1942 et
878 1901 965 1943 tua
983 1908 1124 1943 secra
1144 1894 1268 1944 redi.
1304 1896 1309 1901 ’

239 1972 345 2022 Ista
364 1973 542 2023 doeens
561 1974 710 2024 facies
729 1975 889 2038 longis
905 1976 1161 2024 vitiabitur
1181 1976 1340 2032 annis,

305 2052 546 2118 Rugaque
567 2054 619 2102 in
641 2057 845 2118 antiqua
864 2054 1024 2103 fronte
1044 2055 1209 2104 senilis
1228 2056 1323 2104 erit
1342 2074 1356 2104 z

237 2133 508 2196 Inicietq'ue
529 2148 725 2183 manum
749 2133 936 2183 formae
956 2135 1188 2184 damnosa
1207 2144 1443 2192 senectus,

300 2212 441 2272 Quae
463 2214 718 2278 strepitum
732 2229 881 2279 passu
899 2229 999 2264 non
1018 2215 1226 2263 faciente
1243 2215 1389 2264 venit.

235 2292 460 2356 Cumque
480 2292 657 2357 aliquis
677 2293 807 2343 dieet
824 2297 841 2324 ‘
856 2294 975 2343 Fuit
993 2295 1116 2343 haee
1134 2295 1376 2356 formosa,'
1394 2294 1594 2355 dolebis,

303 2372 365 2420 Et
388 2372 638 2436 speculum
660 2374 872 2422 mendax
892 2389 997 2423 esse
1018 2389 1222 2438 querere
1243 2383 1397 2424 tuum.

238 2451 364 2501 Sunt
384 2452 472 2500 tibi
489 2468 606 2516 opes
626 2454 858 2514 modicae,
873 2469 984 2502 cum
1006 2456 1075 2504 sis
1088 2455 1375 2519 dignissima
1389 2456 1608 2520 magnis:

300 2532 454 2596 Finge
474 2532 557 2580 sed
569 2530 810 2582 immensis
825 2535 1054 2584 censibus
1073 2550 1175 2583 esse
1194 2548 1358 2599 pares,

239 2611 424 2675 Nempe
445 2612 533 2660 dat
553 2612 602 2659 id
623 2613 908 2676 cuicumque
930 2614 1049 2662 libet
1071 2613 1269 2662 fortuna
1288 2616 1534 2678 rapitque,

300 2691 410 2738 lrus
433 2701 484 2739 et.
503 2698 578 2740 est
597 2692 775 2751 subito,
795 2694 882 2756 qui
903 2693 1047 2741 modo
1067 2691 1276 2741 Croesus
1295 2703 1417 2742 erat.

236 2770 445 2834 Singula
466 2771 587 2834 quid
606 2771 817 2820 referam
833 2773 857 2820 ἲ
890 2771 960 2821 nil
981 2788 1079 2820 non
1100 2772 1303 2821 mortale
1326 2781 1549 2823 tenemus

295 2850 516 2901 Pectoris
536 2854 754 2917 exeeptis
776 2853 1056 2919 ingeniique
1077 2853 1231 2903 bonis.
