2100 3500
789 402 828 442 L
844 401 971 444 UcA
981 402 1138 444 Nus,
1556 410 1645 456 2⁶2

265 492 506 557 Deplorat
524 491 726 555 Libycis
747 493 1205 557 perituram‘Scipio
1226 493 1372 542 terris

266 572 537 621 Infaustam
558 571 784 621 sobolem.
849 572 1031 633 Maior,
1056 572 1376 636 Carthaginis
1394 572 1568 635 hostis,

264 651 379 701 Non
400 653 630 702 servituri
651 660 836 701 maeret
858 651 982 701 Cato
999 651 1104 701 fata
1122 655 1326 717 nepotis.

265 731 435 780 Solum
455 740 520 790 te,
544 732 726 783 Consul
743 732 956 797 depulsis
975 734 1134 798 prime
1154 733 1379 796 tyrannis

261 811 430 868 Brute,
453 812 561 877 pias
581 813 710 861 inter
728 813 1022 877 gaudentem
1041 813 1252 862 vidimus
1272 813 1485 864 umbras.

261 888 508 954 Abruptis
522 890 738 940 Catilina
755 892 924 939 minax
939 890 1207 954 fractisque
1226 893 1412 940 catenis

260 969 510 1027 Exsultat,
532 970 779 1035 Mariique
796 978 976 1028 truces,
995 971 1211 1036 nudique
1230 971 1452 1036 Cethegi.

155 1049 160 1060 '
261 1049 381 1097 Vidi
401 1065 493 1111 ego
515 1051 768 1108 laetantes,
788 1051 1044 1115 popularia
1064 1054 1282 1113 nomina,
1305 1053 1498 1101 Drusos
1517 1072 1532 1117 3

259 1128 478 1194 Legibus
496 1131 793 1190 immodicos,
815 1147 1058 1195 ausosque
1078 1133 1300 1196 ingentia
1323 1132 1588 1184 Graccho&
1607 1123 1623 1140 ⁶

258 1210 495 1260 Aeternis
515 1212 781 1277 chalybum
800 1212 957 1270 nodis,
978 1220 1031 1261 et
1047 1229 1244 1263 carcere
1267 1214 1402 1264 Ditis

258 1289 565 1341 Constrictae
583 1292 807 1356 plausere
827 1307 1018 1350 manus,
1037 1308 1332 1357 camposque
1354 1297 1546 1359 piorum

257 1369 425 1421 Poscit
443 1371 591 1420 turba
609 1388 800 1422 nocens.
866 1372 1028 1437 Regni
1044 1388 1299 1437 possessor
1320 1375 1494 1424 inertis

258 1449 507 1499 Pallentes
528 1454 687 1517 aperit
705 1453 858 1514 sedes,
880 1453 1187 1516 abruptaque
1210 1469 1333 1503 saxa

258 1531 494 1595 Asperat,
511 1537 564 1580 et
582 1531 761 1580 durum
778 1531 949 1581 vinclis
970 1532 1249 1595 adamanta,
1268 1542 1510 1600 paratque

258 1608 474 1660 Poenam
492 1612 679 1661 victori.
745 1611 897 1661 Refer
916 1612 1038 1661 haec
1060 1613 1232 1662 solatia
1253 1622 1432 1675 tecum,

256 1692 302 1741 O
324 1693 529 1752 iuvenis,
544 1693 735 1758 placido
756 1709 924 1742 manes
942 1700 1229 1758 patremque
1250 1694 1544 1760 domumque

255 1772 562 1837 Exspectare
582 1776 711 1832 sinu,
730 1774 970 1839 regnique
991 1773 1044 1821 in
1063 1782 1204 1836 parte
1224 1790 1399 1824 serena

256 1850 490 1916 Pompeio
509 1866 706 1901 servare
722 1852 898 1904 locum.
965 1855 1072 1906 Nec
1090 1854 1251 1920 gloria
1269 1869 1449 1917 parvae

258 1930 498 1980 Sollicitet
513 1932 643 1980 vitae
664 1950 677 1982 τ
710 1936 888 1992 veniet,
908 1951 1035 1999 quae
1057 1937 1261 1984 misceat
1279 1925 1447 1982 omnes

256 2011 397 2061 Hora
417 2012 581 2062 duces.
644 2013 912 2077 Properate
930 2017 1074 2077 mori,
1093 2030 1368 2083 magnoque
1391 2014 1585 2078 superbi

257 2089 494 2148 Quamvis
513 2105 542 2138 e
566 2092 727 2154 parvis
746 2094 908 2142 animo
928 2093 1204 2143 descendite
1226 2093 1401 2153 bustis,

254 2168 321 2218 Et
342 2170 677 2219 Romanorum
697 2187 866 2221 manes
884 2173 1070 2222 calcate
1089 2174 1304 2222 deorum.

255 2245 415 2304 Quem
438 2246 681 2294 tumulum
701 2246 751 2295 N
752 2247 967 2311 ili‚quem
979 2247 1248 2316 Thybridis
1266 2249 1435 2297 adluat
1455 2248 1603 2311 unda,

258 2323 547 2385 Quaeritur,
568 2333 621 2372 et
639 2324 846 2374 ducibus
865 2333 1060 2375 tantum
1079 2327 1139 2375 de
1160 2326 1332 2375 funere
1352 2342 1521 2390 pugna
1541 2333 1628 2377 est.

255 2400 332 2451 Tu
354 2403 513 2451 fatum
533 2418 597 2452 ne
619 2419 801 2467 quaere
822 2413 962 2454 tuum
982 2421 1304 2467 cognoscere:
1336 2406 1541 2468 Parcae,

255 2480 337 2530 Me
356 2482 611 2538 reticente,
632 2482 845 2534 dabunt:
879 2485 970 2533 tibi
990 2486 1168 2534 certior
1187 2486 1351 2534 omnia
1371 2497 1507 2533 vates

256 2559 365 2624 Ipse
385 2570 531 2612 canet
553 2561 729 2613 Siculis
747 2565 943 2628 genitor
963 2563 1228 2629 Pompeius
1249 2566 1301 2613 in
1320 2566 1488 2613 arvis.’

1047 2647 1149 2697 Lib.
1175 2660 1242 2697 vx.
1268 2661 1311 2695 v.
1336 2649 1566 2697 775-814.
