2100 3500
391 2887 442 2936 {h

479 445 567 481 212
775 425 1239 470 ANTHOLOGIA
1291 424 1579 466 LATINA.

1067 601 1303 637 Lxxxvu.

684 699 811 771 Ipsa
836 717 928 752 sua
950 699 1097 752 Dido
1123 698 1341 752 concidit
1359 715 1451 750 usa
1478 714 1646 749 marm.

852 915 1002 977 Dido,

757 993 1090 1059 Sanguineam
1111 995 1308 1044 volvens
1332 993 1485 1042 aciem
1525 992 1845 1056 maculisque,

669 1075 928 1123 trementis

479 1153 729 1202 Interfusa
749 1169 902 1218 genas
939 1160 990 1202 et
1011 1152 1193 1217 pallida
1209 1160 1365 1201 morte
1384 1151 1571 1212 futura,

479 1233 723 1282 Interiora
744 1234 917 1282 domus
938 1233 1177 1297 inrumpit
1197 1232 1367 1281 limina
1400 1239 1452 1280 et
1471 1230 1597 1280 altos

479 1313 773 1363 Conscendit
794 1312 1060 1362 furibunda
1077 1328 1243 1377 rogos,
1263 1326 1526 1375 ensemque
1546 1310 1759 1359 recludit

482 1392 805 1454 Dardanium,
826 1407 924 1440 non
944 1392 1034 1440 hoe
1057 1392 1333 1457 quaesitum
1354 1406 1533 1439 munus
1554 1391 1605 1438 in
1626 1406 1762 1442 usus,

481 1472 596 1534 Hic,
617 1479 876 1537 postquam
898 1472 1077 1520 Iliacae
1096 1478 1254 1519 vestes
1272 1478 1540 1533 notumque
1552 1469 1715 1518 cubile

481 1552 767 1617 Conspexit,
788 1551 987 1616 paulum
1010 1552 1227 1600 lacrimis
1247 1560 1298 1600 et
1312 1559 1475 1599 mente
1493 1565 1702 1612 morata,

482 1631 809 1694 Incubuitque
828 1638 938 1679 toro
977 1630 1204 1693 dixitque
1225 1630 1487 1678 novissima
1506 1630 1657 1678 verba

545 1712 729 1762 Dulces
747 1712 970 1772 exuviae,
991 1710 1108 1760 dum
1131 1710 1235 1760 fata
1254 1710 1472 1775 deusque
1495 1709 1701 1771 sinebat,

485 1790 709 1856 Accipite
729 1790 858 1840 hanc
878 1792 1109 1849 animam,
1129 1805 1305 1855 meque
1326 1790 1406 1839 bis
1423 1790 1663 1839 exsolvite
1681 1792 1837 1842 curia.

485 1871 628 1929 Vixi,
649 1878 717 1932 et,
738 1885 883 1934 quem
904 1869 1109 1918 dederat
1127 1885 1325 1918 cursum
1345 1870 1564 1935 fortuna,
1586 1871 1771 1934 peregi,

485 1950 552 1999 Et
572 1966 702 2000 nunc
723 1965 905 2014 magua
925 1950 1023 1998 mei
1045 1949 1138 1998 sub
1159 1955 1317 1998 terras
1341 1948 1432 1997 ibit
1453 1950 1631 2013 imago·

488 2030 673 2079 Urbem
691 2029 994 2094 praeclaram
1017 2030 1200 2093 statui3
1232 2044 1344 2077 mea
1363 2029 1556 2077 moenia
1573 2028 1673 2077 vidi
1690 2047 1706 2092 ς,

488 2109 608 2158 Ulta
630 2110 787 2157 virum
827 2124 1011 2175 poenas
1033 2109 1233 2157 inimico
1253 2124 1285 2156 a
1306 2109 1460 2157 fratre
1481 2108 1673 2172 recepi3

484 2186 645 2250 Felix,
667 2188 764 2237 heu
786 2189 993 2237 nimium
1014 2188 1154 2251 felix,
1174 2190 1216 2238 si
1237 2189 1385 2238 litora
1407 2196 1599 2237 tantum

488 2270 770 2334 Numquam
791 2269 1074 2320 Dardaniae
1094 2271 1371 2335 tetigissent
1392 2278 1562 2319 nostra
1581 2270 1808 2317 carinae!

487 2350 649 2411 Dixit,
670 2358 736 2411 et,
757 2365 813 2399 os
833 2349 1056 2414 inpressa
1077 2357 1200 2410 tom,
1223 2349 1495 2401 Moriemur
1517 2349 1724 2410 inultae,

491 2429 589 2478 Sed
609 2430 894 2487 moriamur,
916 2431 1002 2478 ait.
1074 2429 1173 2491 Sic,
1195 2431 1265 2478 sic
1286 2431 1422 2478 iuvat
1444 2431 1515 2478 ire
1536 2429 1627 2478 sub
1650 2430 1862 2477 umbras.

489 2510 708 2559 Hauriat
728 2508 860 2558 hunc
880 2509 1033 2559 oculis
1052 2510 1218 2574 ignem
1238 2509 1449 2558 crudelis
1468 2509 1532 2557 ab
1554 2508 1656 2558 alto

488 2589 775 2651 DardanuS,
795 2598 846 2638 et
866 2596 1065 2636 nostrae
1088 2604 1250 2636 secum
1272 2587 1401 2637 ferat
1421 2589 1586 2637 omina
1606 2588 1793 2636 mortis.

491 2669 735 2732 Dixerat3
768 2675 917 2732 atque
939 2667 1075 2716 illam
1096 2668 1258 2716 media
1278 2668 1409 2717 inter
1429 2667 1550 2717 talia
1569 2667 1703 2716 ferro

489 2747 785 2813 conlapsam
806 2747 1051 2812 aspiciunt
1072 2749 1291 2806 comiteS,
1314 2763 1577 2811 ensemque
1595 2763 1772 2797 cruore

492 2826 811 2892 Spumantem
842 2840 1136 2891 sparsasque
1152 2828 1347 2877 manus.
1414 2826 1464 2876 It
1485 2826 1672 2876 clamor
1691 2828 1753 2874 ad
1776 2830 1870 2874 alta
