2100 3500
473 394 560 430 10²
754 377 1218 421 ANTHOLOGIA
1271 378 1557 422 LATINA.

465 470 802 535 Ardentisque
822 470 990 520 oculos
1012 471 1203 520 suffecti
1226 474 1464 535 sanguine
1484 477 1537 521 et
1557 470 1684 536 igni,

467 550 620 599 Sibila
641 549 923 600 lambebant
942 551 1126 616 linguis
1147 552 1456 601 vibrantibus
1477 567 1580 599 ora.

467 628 768 694 Diffugimus
789 632 895 679 visu
916 647 1207 696 exsangues.
1273 632 1356 679 Illi
1378 632 1573 696 agmine
1593 637 1732 679 certo

467 709 748 759 Laocoonta
768 719 944 776 petunt
962 731 977 776 3
1011 719 1066 761 et
1084 714 1301 777 primum
1322 726 1474 777 parva
1496 710 1709 759 duorum

469 789 690 854 Corpora
711 798 942 839 natorum
964 807 1166 856 serpens
1188 792 1446 857 amplexus
1468 798 1679 854 uterque

469 867 682 932 Inplicat
703 876 754 917 et
775 869 979 917 miseros
1000 884 1169 917 morsu
1192 869 1473 933 depascitur
1494 875 1665 931 artus;

469 948 589 998 Post
611 950 789 1014 ipsum,
812 950 1000 998 auxilio
1021 950 1312 998 subeuntem
1333 965 1392 998 ac
1412 949 1511 999 tela
1531 948 1795 1007 ferentem,

470 1029 776 1094 corripiunt,
797 1031 1043 1093 spirisque
1064 1030 1222 1094 ligant
1244 1029 1555 1094 ingentibus3
1590 1036 1643 1077 et
1664 1029 1763 1076 iam

469 1110 555 1160 Bis
577 1110 790 1177 medium
812 1110 1044 1174 amplexi,
1068 1111 1145 1159 bis
1163 1109 1287 1159 collo
1309 1124 1544 1174 squamea
1562 1109 1752 1157 circum

471 1189 638 1255 Terga
659 1189 779 1245 dati,
803 1197 1037 1253 superant
1059 1191 1221 1254 capite
1241 1198 1293 1239 et
1312 1190 1583 1238 cervicibus
1604 1188 1733 1237 altis,

452 1270 562 1334 ⁴Ille
584 1269 730 1318 simul
752 1270 981 1318 manibus
1004 1270 1162 1318 tendit
1183 1270 1415 1319 divellere
1436 1270 1606 1329 nodos,

472 1350 712 1399 Perfusus
735 1352 871 1399 sanie
892 1353 1041 1401 vittas
1061 1360 1269 1416 atroque
1289 1367 1493 1412 veneno,

473 1430 728 1479 Clamores
749 1430 894 1478 simul
914 1430 1185 1480 horrendos
1208 1431 1273 1480 ad
1294 1431 1458 1480 sidera
1480 1430 1609 1479 tollit
1623 1450 1639 1481 ε

475 1509 650 1569 Qualis
670 1510 907 1575 mugitus,
928 1510 1063 1575 fugit
1081 1527 1194 1560 cum
1215 1512 1411 1560 saucius
1431 1526 1570 1559 aram

475 1589 670 1638 Taurus
691 1596 742 1638 et
763 1591 999 1639 incertam
1023 1592 1243 1640 excussit
1259 1591 1447 1639 cervice
1469 1591 1694 1639 securim.

476 1669 551 1719 At
573 1670 758 1735 gemini
779 1669 921 1734 lapsu
943 1670 1149 1720 delubra
1170 1671 1233 1718 ad
1258 1686 1450 1718 summa
1469 1670 1705 1719 dracones

479 1750 739 1817 Effugiunt
762 1767 1031 1815 saevaeque
1052 1757 1229 1816 petunt
1250 1748 1533 1799 Tritonides
1554 1767 1739 1812 arcem,

479 1832 583 1879 Sub
601 1831 907 1895 pedibusque
928 1831 1048 1879 deae
1070 1830 1311 1895 clipeique
1333 1830 1425 1879 sub
1447 1830 1565 1878 orbe
1587 1837 1841 1894 teguntur.

1504 1927 1546 1959 V.
1577 1916 1799 1961 199427.

1065 2011 1274 2046 Lxxxn.

852 2114 967 2169 The
998 2115 1171 2169 Ghost
1193 2117 1266 2184 of
1280 2116 1496 2168 Hector.

494 2222 722 2342 ρέ-Ὶῖῆἴὶ)
736 2225 973 2275 EMPUS
993 2233 1119 2288 erat,
1135 2241 1240 2290 quo
1253 2225 1414 2290 prima
1426 2225 1565 2289 quies
1579 2224 1865 2275 mortalibus

500 2290 727 2408 gfff&
862 2307 1026 2400 ‘fei‘ffi
1241 2386 1252 2398 .
1508 2385 1520 2398 .
1578 2384 1589 2397 .
1812 2386 1823 2398 .

589 2418 602 2423 -
709 2401 719 2433 ι
784 2387 967 2451 Incipit
985 2394 1036 2435 et
1056 2385 1184 2434 dono
1205 2385 1368 2434 divom
1389 2392 1675 2449 gratissima
1696 2393 1870 2450 serpit.-

485 2472 548 2520 In
568 2470 769 2526 somnis,
789 2483 918 2525 ecce,
940 2473 1056 2515 ante
1076 2465 1241 2514 oculos
1263 2465 1616 2513 maestissimus
1638 2464 1825 2513 Hector

486 2551 644 2599 Visus
664 2549 834 2598 adesse
854 2546 992 2608 mihi,
1013 2546 1278 2610 largosque
1298 2543 1550 2592 effundere
1569 2543 1733 2604 fletus,

488 2630 732 2694 Raptatus
754 2628 902 2692 bigis,
920 2634 977 2675 ut
997 2625 1259 2689 quondam,
1280 2632 1483 2688 aterque
1504 2632 1708 2672 cruento

488 2709 712 2770 Pulvere,
731 2724 917 2772 perque
938 2706 1089 2772 pedes
1111 2707 1344 2754 traiectus
1365 2705 1472 2753 lora
1491 2706 1739 2753 tumentis.

483 2787 576 2836 Hei
590 2785 893 2849 mihi,'qualis
914 2794 1023 2837 erat
1045 2785 1309 2848 (quantum
1330 2792 1552 2833 mutatus
1573 2784 1636 2832 ab
1659 2780 1745 2834 illo
