2100 3500
568 403 631 458 36
851 399 1319 443 ANTHOLOGIA
1364 399 1657 442 LATINA.

570 490 816 555 Stansque
836 493 1077 542 iacentem
1100 508 1153 542 se
1175 492 1382 542 lacerari
1404 492 1545 542 urive
1566 492 1752 543 dolore.

571 572 701 621 Nam
723 575 766 622 si
786 575 839 623 in
861 583 1018 623 morte
1037 575 1272 624 malumst
1287 573 1434 623 malis
1447 589 1716 638 morsuque
1735 573 1958 623 ferarum

571 652 814 716 Tractari,
835 670 934 703 non
954 656 1153 704 invenio
1175 656 1263 720 qui
1284 670 1384 704 non
1404 655 1472 704 sit
1492 655 1727 704 acerbum

573 734 779 797 Ignibus
800 736 1066 801 inpositum
1086 735 1259 786 calidis
1279 743 1547 785 torrescere
1562 735 1776 785 flammis

572 817 681 864 Aut
701 817 754 864 in
775 816 921 866 melle
944 818 1096 866 situm
1118 816 1348 866 suffocari
1368 825 1519 881 atque
1539 817 1701 879 rigere

573 896 795 959 Frigore,
811 913 923 947 cum
945 913 1139 947 summo
1160 898 1311 964 gelidi
1329 898 1480 947 cubat
1501 912 1711 962 aequore
1734 898 1864 959 saxi,

574 978 820 1041 Urgerive
842 995 1056 1044 superne
1076 980 1315 1029 obtritum
1335 978 1550 1044 pondere
1571 988 1749 1031 terrae.

636 1063 652 1089 ‘
671 1060 780 1109 Iam
798 1062 896 1109 iam
909 1076 1008 1110 non
1021 1060 1196 1109 domus
1210 1061 1416 1125 accipiet
1429 1068 1478 1108 te
1491 1060 1638 1120 laeta,
1656 1075 1818 1124 neque
1831 1075 1961 1108 uxor

573 1142 775 1205 Optima
795 1156 883 1190 nec
905 1141 1073 1190 dulces
1091 1149 1346 1191 occurrent
1367 1140 1536 1190 oscula
1556 1142 1661 1189 nati

574 1222 864 1286 Praeripere
880 1228 933 1270 et
952 1222 1106 1270 tacita
1125 1228 1298 1286 pectus
1319 1220 1576 1269 dulcedine
1596 1227 1825 1285 tangent.

577 1302 691 1350 Non
714 1303 895 1366 poteris
917 1302 1062 1351 factis
1084 1302 1373 1351 florentibus
1394 1317 1517 1362 esse,
1538 1302 1737 1364 tuisque

579 1382 902 1432 Praesidium.
968 1382 1157 1432 Misero
1177 1383 1368 1432 misere’
1389 1383 1532 1430 aiunt
1551 1383 1567 1409 ‘
1580 1382 1745 1430 omnia
1763 1380 1948 1430 ademit

581 1462 695 1511 Una
715 1462 820 1512 dies
841 1463 1022 1512 infesta
1043 1463 1135 1511 tibi
1158 1471 1229 1512 tot
1252 1463 1473 1528 praemia
1493 1462 1657 1511 vitae?

580 1542 709 1592 Illud
732 1545 783 1592 in
804 1544 883 1592 his
903 1544 1052 1593 rebus
1079 1559 1179 1592 non
1199 1543 1390 1592 addunt
1409 1545 1425 1571 ‘
1442 1558 1532 1592 nec
1552 1542 1643 1591 tibi
1663 1557 1838 1591 earum

578 1623 685 1672 Iam
709 1623 1009 1673 desiderium
1032 1639 1198 1672 rerum
1220 1638 1370 1688 super
1391 1622 1572 1672 insidet
1594 1622 1731 1673 una.'

579 1704 725 1767 Quod
744 1705 868 1756 bene
888 1706 931 1756 si
950 1704 1152 1756 videant
1173 1706 1334 1755 animo
1355 1704 1595 1769 dictisque
1615 1712 1909 1769 sequantur,

579 1787 870 1837 Dissoluant
891 1788 1044 1836 animi
1064 1802 1246 1852 magno
1268 1802 1322 1836 se
1345 1801 1529 1851 angore
1550 1793 1801 1850 metuque.

580 1871 595 1896 ‘
614 1868 694 1916 Tu
716 1868 915 1932 quidem
937 1876 995 1916 ut
1017 1884 1072 1916 es
1095 1867 1194 1916 leto
1214 1867 1420 1931 sopitus,
1442 1868 1511 1915 sic
1532 1868 1631 1916 eris
1652 1867 1762 1915 aevi

580 1949 726 2011 Quod
746 1957 970 2014 superest
991 1949 1183 1997 cunctis
1204 1947 1419 2014 privatu'
1440 1947 1691 1997 doloribus
1715 1949 1882 2014 aegris
1899 1968 1915 2012 3

581 2031 656 2079 At
676 2045 766 2078 nos
787 2030 1017 2079 horrifico
1037 2029 1332 2078 cinefactum
1354 2036 1403 2078 te
1424 2044 1576 2093 prope
1596 2028 1743 2078 busto

581 2110 935 2159 Insatiabiliter
954 2110 1256 2170 deflevimus,
1279 2118 1630 2174 aeternumque

583 2190 737 2239 Nulla
757 2190 860 2241 dies
881 2191 1021 2240 nobis
1043 2205 1313 2239 maerorem
1334 2205 1362 2239 e
1386 2199 1580 2255 pectore
1602 2188 1800 2240 demet.‘

583 2271 717 2320 Illud
738 2272 801 2321 ab
822 2272 914 2321 hoc
938 2273 1094 2337 igitur
1113 2271 1446 2335 quaerendum
1469 2280 1563 2333 est,
1583 2270 1705 2336 quid
1724 2272 1791 2320 sit
1812 2272 1968 2321 amari

582 2353 745 2402 Tanto
766 2368 930 2417 opere,
947 2352 1009 2401 ad
1030 2367 1257 2401 somnum
1273 2354 1316 2401 si
1328 2367 1409 2401 res
1424 2352 1553 2401 redit
1569 2360 1718 2415 atque
1736 2354 1967 2416 quietem,

582 2435 687 2484 Clu·
708 2437 970 2498 quisquam
993 2443 1193 2482 aeterno
1211 2434 1368 2498 possit
1389 2433 1637 2482 tabescere
1659 2432 1817 2482 luctu.

648 2515 756 2564 Hoc
778 2516 926 2564 etiam
947 2515 1139 2562 faciunt
1159 2515 1244 2563 ubi
1264 2513 1557 2563 discubuere
1578 2519 1849 2577 tenentque

583 2592 769 2642 Pocula
790 2608 934 2657 saepe
956 2591 1177 2640 homines
1197 2600 1247 2641 et
1268 2592 1554 2640 inumbrant
1572 2606 1660 2640 ora
1680 2592 1892 2652 coi-onie,

585 2674 665 2721 Ex
678 2675 842 2723 animo
857 2681 915 2722 ut
930 2671 1097 2722 dicant
1119 2675 1134 2700 ‘
1144 2672 1305 2722 brevis
1322 2672 1400 2721 hic
1413 2680 1489 2721 est
1502 2671 1695 2720 fructus
1711 2671 1965 2737 homullis3

584 2755 691 2802 Iam
714 2754 864 2802 fuerit
884 2769 1044 2817 neque
1067 2762 1179 2819 post
1199 2768 1435 2818 umquam
1463 2768 1690 2802 revocare
1711 2751 1910 2803 licebit?

584 2835 862 2899 Tamquam
885 2836 932 2883 in
955 2846 1114 2883 morte
1135 2834 1252 2883 mali
1273 2850 1385 2883 cum
1407 2834 1577 2898 primis
1599 2833 1689 2883 hoc
1707 2834 1770 2882 sit
1786 2849 1966 2890 eorum.
