2100 3500
694 448 1097 492 mnsam&
1529 463 1588 510 97

812 693 884 729 Lx
892 693 981 730 xx.

616 795 885 850 Aeneidos.
963 797 1075 850 Lm
1130 796 1207 849 11.

798 915 977 967 Sinon.

279 1078 295 1103 Ι
381 1092 394 1107 ἡ
455 1020 697 1071 UNOTA
724 1022 951 1086 equidem
973 1022 1086 1082 tibi,
1108 1021 1239 1080 Rex,
1260 1020 1410 1069 fuerit
1441 1021 1594 1083 quod·

611 1117 839 1166 cumque,
860 1102 1056 1152 fatebor

404 1269 552 1326 gente
573 1261 795 1327 negab03

210 1344 322 1392 Hoc
344 1344 587 1406 primum3
621 1358 729 1401 nee,
752 1344 795 1390 si
819 1343 1052 1391 miserum
1075 1340 1299 1391 Fortuna
1322 1342 1549 1391 Sinonem

208 1423 403 1484 Finxit,
422 1437 604 1471 vanum
626 1423 776 1472 etiam
800 1422 1182 1487 mendacemque
1204 1423 1408 1486 inproba
1428 1424 1594 1490 finget.

210 1502 386 1553 Fando
407 1502 601 1567 aliquod
625 1504 669 1552 si
689 1504 816 1552 forte
839 1510 951 1552 tuas
973 1504 1195 1567 pervenit
1214 1503 1276 1551 ad
1301 1506 1433 1552 auris

212 1581 417 1632 Belidae
437 1597 614 1631 nomen
636 1581 916 1631 Palamedis
936 1591 988 1632 et
1009 1582 1195 1631 incluta
1217 1583 1349 1631 sama

213 1661 409 1724 Gloria,
428 1676 576 1726 quem
598 1661 723 1710 falsa
744 1662 837 1710 sub
858 1661 1135 1726 proditione
1159 1663 1353 1727 Pelasgi

213 1742 469 1792 Insontem
492 1741 693 1791 infando
718 1741 915 1804 indicio,
938 1742 1057 1806 quia
1077 1741 1206 1791 bella
1227 1742 1438 1803 vetabat,

213 1823 471 1872 Demisere
480 1821 616 1883 Neci,
637 1836 766 1870 nunc
787 1836 979 1871 cassum
1002 1822 1187 1871 lumine
1209 1821 1380 1886 lugent
1401 1843 1413 1872 z

215 1901 301 1950 Illi
322 1917 402 1949 me
422 1901 647 1950 comitem
671 1911 722 1950 et
743 1902 1167 1966 consanguinitate
1189 1904 1517 1966 propinquum

216 1981 417 2045 Pauper
435 1982 487 2030 in
507 1996 646 2030 arma
666 1990 808 2046 pater
828 1981 1001 2045 primis
1021 1980 1120 2030 huc
1141 1981 1274 2030 misit
1296 1981 1359 2029 ab
1380 1985 1519 2031 annis
1591 1968 1596 1977 ⁴

217 2061 354 2109 Dum
377 2061 538 2111 stabat
560 2075 714 2126 regno
737 2060 992 2109 incolumis
1014 2076 1284 2125 regumque
1313 2062 1510 2126 vigebat
1593 2124 1597 2129 ,

218 2140 467 2205 Consiliis,
492 2147 544 2189 et
562 2156 650 2188 nos
672 2139 874 2205 aliquod
895 2154 1167 2205 nomenque
1189 2141 1433 2205 decusque

220 2219 494 2270 Gessimus.
556 2220 750 2269 Invidia
768 2227 1028 2285 postquam
1049 2220 1250 2284 pellacis
1272 2221 1476 2270 Ulixi-

220 2298 374 2348 Haud
394 2300 564 2365 ignota
582 2299 1014 2364 loquor—superis
1033 2301 1272 2349 concessit
1294 2301 1358 2349 ab
1379 2303 1476 2349 uris

220 2379 471 2429 Adflictas
493 2380 644 2428 vitam
668 2380 719 2427 in
741 2378 954 2428 tenebris
975 2377 1208 2443 luctuque
1232 2380 1503 2441 trahebam,

221 2459 291 2507 Et
310 2475 476 2509 casum
503 2459 709 2507 insontis
731 2473 922 2507 mecum
943 2458 1236 2523 indignabar
1256 2462 1415 2510 amici.

223 2539 329 2589 Nee
349 2540 484 2589 tacui
505 2539 724 2599 demens,
746 2547 798 2588 et
818 2553 913 2597 me,
933 2538 1035 2587 fors
1059 2539 1102 2587 si
1122 2554 1221 2602 qua
1244 2539 1448 2601 tulisset,

222 2619 279 2668 Si
298 2620 489 2684 patrios
512 2633 747 2683 umquam
769 2632 1064 2667 remeassem
1086 2619 1243 2667 victor
1261 2618 1325 2667 ad
1347 2618 1534 2686 Argos,

223 2701 439 2749 Promisi
463 2699 695 2760 ultorem,
717 2704 769 2747 et
790 2696 951 2747 verbis
970 2696 1084 2746 odia
1106 2712 1282 2761 aspera
1302 2700 1446 2748 movi.

224 2781 355 2830 Hine
376 2778 503 2827 mihi
525 2778 690 2843 prima
709 2777 826 2826 mali
846 2777 999 2837 labes,
1023 2777 1139 2825 hinc
1159 2792 1351 2842 semper
1374 2776 1546 2830 Ulixes

221 2859 529 2911 Criminibus
551 2867 739 2908 terrere
761 2857 920 2910 novis,
939 2856 1054 2906 hine
1077 2872 1308 2923 spargere
1331 2873 1473 2929 veces

904 2950 946 2985 ιι
