2100 3500
596 426 634 468 z
649 426 909 470 vonam
919 426 1016 469 vs,
1445 440 1500 486 35

129 519 196 569 At
214 526 387 569 eontra
407 533 651 583 nusquam
673 525 911 584 apparent
931 518 1211 568 Acherusia
1228 522 1410 582 templa

127 597 224 647 Nec
245 599 392 647 tellus
413 598 578 647 obstat
596 584 718 662 quin
739 600 904 648 omnia
922 598 1263 663 dispiciantur,

128 675 225 724 Sub
245 677 454 740 pedibus
473 692 808 742 quaecumque
826 678 957 727 infra
971 692 1062 742 per
1082 677 1226 726 inane
1248 685 1501 740 geruntur.

127 755 215 805 His
237 758 303 806 ibi
325 773 407 806 me
428 758 576 807 rebus
597 758 836 822 quaedam
858 758 1025 807 divina
1048 756 1271 820 voluptas

126 833 335 901 Percipit
356 837 520 902 adque
540 838 731 901 horror,
752 837 886 902 quod
905 839 975 887 sie
995 845 1177 886 natura
1197 843 1284 885 tua
1305 837 1354 885 vi

128 913 244 964 Tam
263 917 527 968 manifesta
547 924 719 983 patens
739 932 804 967 ex
824 918 958 968 omni
978 923 1119 982 parte
1139 922 1324 965 retecta
1341 923 1429 964 est.

1304 1010 1348 1043 v.
1372 999 1500 1045 9-30.

733 1140 863 1175 XXX.

367 1255 478 1309 The
506 1255 668 1325 Folly
693 1258 1002 1327 ossearing
1027 1258 1224 1312 Death.

183 1401 190 1412 '
235 1422 269 1452 μ
355 1440 357 1444 ,
388 1391 650 1441 ROINDE
676 1392 759 1440 ubi
787 1406 840 1440 se
876 1390 1042 1440 videas
1075 1390 1320 1439 hominem
1347 1389 1503 1454 indig-

166 1466 179 1476 ’
340 1474 356 1483 ’
542 1472 706 1520 narier
727 1472 907 1535 ipsum,

378 1638 458 1678 sto

132 1704 231 1756 Aut
251 1647 463 1758 flalmomis
485 1709 700 1760 interfiat
719 1709 921 1759 malisve
941 1709 1175 1768 ferarum,

135 1783 259 1835 Scire
278 1789 394 1838 licet
414 1804 512 1837 non
535 1789 780 1839 sincerum
801 1805 971 1839 sonere
992 1797 1141 1853 atque
1161 1790 1359 1838 subesse

133 1862 332 1917 Caecum
350 1869 567 1932 aliquem
583 1869 718 1918 cordi
731 1869 1001 1933 stimulum,
1014 1870 1237 1934 quamvis
1246 1877 1393 1935 neget
1403 1869 1506 1935 ipae

132 1943 333 1997 Credere
345 1964 401 1997 se
413 1963 707 2012 quemquam
721 1949 814 1997 sibi
825 1963 1021 1997 sensum
1034 1950 1086 1997 in
1099 1955 1256 1997 morte
1268 1948 1501 2000 futurum.

133 2021 255 2084 Non,
275 2035 332 2077 ut
350 2028 545 2093 opinor,
564 2029 695 2075 enim
716 2028 802 2076 dat
821 2028 954 2091 quod
973 2029 1217 2092 promittit
1234 2035 1285 2078 et
1305 2027 1451 2083 unde,

133 2101 231 2154 Nee
249 2107 487 2157 radicitus
507 2122 536 2155 e
559 2109 662 2157 vita
683 2123 735 2155 se
757 2107 885 2157 tollit
905 2114 956 2157 et
975 2109 1106 2166 eicit,

133 2182 223 2233 Sed
241 2186 358 2236 facit
376 2202 488 2236 esse
509 2188 587 2236 sui
608 2186 843 2251 quiddam
866 2202 1012 2252 super
1034 2189 1217 2237 inscius
1241 2189 1357 2253 ipse.

134 2262 284 2316 Vivus
304 2270 437 2316 enim
461 2266 557 2315 sibi
578 2283 689 2316 cum
714 2268 943 2331 proponit
962 2269 1171 2332 quisque
1192 2267 1432 2328 futurum,

135 2339 314 2409 Corpus
335 2346 411 2395 uti
434 2345 654 2394 volucres
674 2345 890 2395 lacerent
909 2347 961 2394 in
983 2357 1141 2395 morte
1161 2347 1409 2410 feraeque,

137 2418 239 2484 Ipse
259 2427 332 2473 sui
354 2426 560 2473 miseret
578 2443 595 2488 3
629 2440 789 2488 neque
809 2426 939 2473 enim
962 2441 1013 2474 se
1034 2426 1207 2475 dividit
1225 2426 1343 2474 illim

140 2498 233 2551 Nee
252 2512 470 2555 removet
490 2506 611 2554 satis
632 2519 663 2553 a
683 2506 899 2569 proiecto
920 2520 1124 2571 corpore
1146 2513 1197 2554 et
1216 2506 1354 2554 illum

142 2579 198 2629 Se
217 2584 356 2651 fingit
376 2600 623 2649 sensuque
645 2600 734 2633 suo
751 2585 1055 2634 contaminat
1076 2593 1255 2634 astans.

141 2657 260 2712 Hine
278 2665 566 2730 indignatur
585 2679 638 2713 se
659 2664 914 2713 mortalem
932 2680 1037 2715 esse
1056 2675 1293 2723 creatum,

142 2736 237 2790 Nee
256 2744 389 2794 videt
410 2745 463 2793 in
483 2758 602 2792 vera
623 2742 813 2791 nullum
836 2742 941 2792 fore
961 2753 1121 2794 morte
1141 2744 1291 2793 alium
1312 2760 1365 2792 se

145 2818 234 2879 Qui
251 2826 406 2888 possit
424 2825 566 2873 vivus
586 2823 679 2872 sibi
700 2838 751 2872 se
771 2822 941 2889 lugere
960 2832 1265 2889 peremptum
