2100 3500
752 411 1104 457 Lucanos.
1530 423 1628 478 2⁶9

247 503 505 570 Sortilegis
521 511 700 570 egeant
719 505 872 563 dubii,
892 520 1183 571 semperque
1203 506 1386 556 futuris

243 582 454 635 Ossibus
475 586 741 649 ancipitesz
771 601 850 634 me
870 601 968 635 non
990 586 1191 635 oracula
1210 597 1417 648 eertum,

245 663 343 712 Sed
358 679 492 713 mors
502 673 638 713 oerta
652 664 785 714 facit.
817 663 1004 714 Pavido
1018 665 1232 729 fortique
1245 665 1516 714 cadendum
1533 674 1630 719 este

244 743 354 792 Hoc
376 744 497 793 satis
516 751 593 793 est
612 743 795 793 dixisse
813 745 1015 795 Iovem!
1082 743 1165 793 Sic
1187 745 1269 793 ille
1289 746 1513 808 profatus

246 824 547 889 Servataque
567 824 665 874 fide
684 824 871 890 templi,
892 825 1098 874 discedit
1117 825 1183 874 ab
1203 827 1322 885 aris,

244 906 362 955 Non
380 906 690 970 exploratum
709 907 906 971 populis
926 907 1180 956 Ammona
1200 906 1497 970 relinquens.

304 987 420 1051 Ipse
443 1001 590 1035 manu
613 1002 703 1035 sua
722 986 825 1051 pila
845 988 1004 1048 gerit3
1044 987 1297 1050 praeeedit
1317 987 1481 1034 anheli

241 1066 421 1115 Militis
440 1082 530 1115 ora
547 1066 694 1131 pedes
717 1085 729 1116 z
764 1073 1004 1115 monstrat
1024 1066 1235 1115 tolerare
1255 1082 1479 1130 vapores,

242 1145 357 1195 Non
378 1146 545 1211 iubet3
579 1154 631 1195 et
651 1146 788 1195 nulla
805 1146 1003 1195 vehitur
1020 1148 1207 1196 cen-vioe
1228 1148 1432 1212 supinus

239 1225 587 1291 Carpentoque
609 1226 795 1277 sedens.
865 1225 1034 1275 Somni
1052 1228 1367 1291 parcissimus
1390 1228 1492 1292 ipse
1514 1236 1608 1287 est,

241 1304 461 1356 Ultimus
482 1307 688 1356 haustor
706 1322 876 1371 aquae.
926 1305 1054 1356 Cum
1069 1306 1265 1356 tandem
1285 1307 1420 1357 fonte
1432 1320 1627 1373 reperto

239 1387 418 1451 indiga
435 1397 642 1451 cogatur
661 1388 830 1437 latices
848 1394 1020 1451 potare
1041 1387 1285 1448 iuventus,

242 1467 369 1525 Stat,
388 1467 507 1516 dum
522 1467 625 1516 lixa
643 1468 793 1517 bibat.
863 1466 917 1516 Si
941 1468 1072 1517 veris
1091 1481 1276 1533 magna
1294 1476 1499 1532 paratur

239 1549 394 1597 Fama
410 1548 570 1604 bonis,
590 1556 642 1597 et
660 1548 704 1598 si
721 1563 946 1597 successu
967 1547 1101 1596 nuda
1121 1555 1309 1597 remoto

238 1627 506 1692 Inspicitur
525 1629 700 1689 virtus,
721 1628 959 1692 quidquid
977 1627 1237 1677 laudamus
1258 1628 1310 1677 in
1331 1628 1433 1677 ullo

238 1707 507 1769 Maiorum,
528 1707 728 1757 fortuna
747 1707 859 1757 fuit.
924 1707 1050 1769 Quis
1070 1708 1236 1758 Marte
1261 1709 1491 1771 secundo,

238 1789 362 1849 Quis
382 1796 578 1838 tantum
598 1789 780 1837 meruit
797 1788 1090 1853 populorum
1112 1790 1353 1854 sanguine
1372 1804 1550 1838 nomen
1566 1789 1590 1838 ἲ

238 1869 385 1918 Hunc
405 1884 500 1934 ego
519 1883 608 1932 per
632 1866 805 1933 Syrtes
824 1868 1112 1934 Libyaeque
1132 1876 1357 1918 extrema
1376 1870 1545 1918 trium·-

427 1947 584 2013 phum

239 2027 434 2078 Ducere
453 2027 728 2085 maluerim,
750 2041 898 2091 quam
919 2035 997 2077 ter
1018 2027 1265 2094 Capitolia
1285 2045 1433 2078 curru

240 2107 486 2158 Scandere
507 2105 749 2175 Pompeii,
773 2122 921 2173 quam
942 2108 1172 2175 frangere
1192 2110 1316 2159 eolla
1335 2110 1624 2175 Iugurthae.

1103 2193 1178 2240 112.
1202 2206 1248 2240 v.
1271 2196 1495 2242 564=600.

808 2462 1043 2570 «a»
