2100 3500
479 441 550 485 86
745 432 1205 476 ANTHOLOGIA
1260 432 1545 477 LATJNA.

478 529 586 575 Aut
602 526 857 575 coniurato
877 525 1173 574 descendens
1198 525 1365 574 Dacus
1384 526 1449 575 ab
1472 525 1674 588 Histro3

478 605 589 653 Non
612 621 690 654 res
715 606 963 653 Romanae
982 605 1301 669 perituraque
1322 620 1508 671 regna3
1542 621 1705 670 neque
1725 606 1809 656 ille

478 688 585 734 Aut
603 685 759 734 doluit
779 681 1018 733 miserans
1040 685 1235 749 inopem
1273 694 1363 735 ant
1378 686 1551 735 invidit
1571 686 1791 736 habenti.

477 766 760 823 Quosrami
783 765 992 826 fructuS,
1014 779 1138 828 quoe
1159 766 1267 829 ipsa
1288 766 1501 814 volentia
1519 781 1639 815 rura

478 846 660 908 Sponte
679 844 837 893 tulere
856 860 964 905 ena,
986 845 1186 908 carpsit,
1237 861 1328 894 nec
1348 846 1511 894 ferrea
1530 848 1642 895 iura

480 925 807 988 Insanamque
832 925 991 972 forum
1013 934 1102 974 aut
1121 925 1290 988 populi
1309 925 1552 974 tabularia
1571 926 1713 975 vidit.

480 1004 755 1054 Sollicitam
774 1004 860 1053 alii
880 1006 1028 1053 remia
1050 1006 1181 1053 freta
1199 1020 1361 1065 caeca,
1382 1000 1630 1069 ruuntque

478 1084 537 1133 In
558 1085 760 1144 ferrum,
780 1092 1039 1151 penetrant
1062 1085 1199 1133 aulas
1220 1093 1270 1133 et
1290 1085 1459 1134 limina
1479 1101 1648 1149 regum
1667 1104 1683 1149 3

484 1170 527 1216 ll
533 1171 575 1216 ic
597 1169 721 1232 petit
741 1168 968 1216 exscidiis
989 1168 1159 1215 urbem
1189 1170 1488 1231 miserosque
1520 1171 1731 1229 penatis,

483 1248 527 1296 Η
532 1259 552 1297 t
571 1264 765 1312 gemma
785 1248 922 1296 bibat
943 1257 995 1296 et
1020 1245 1238 1297 Sarrano
1257 1247 1469 1296 dormiat
1487 1258 1650 1312 esti-⁰3

479 1328 656 1377 Condit
676 1343 797 1392 opes
813 1327 956 1385 alius,
978 1327 1271 1390 defossoque
1289 1327 1487 1377 incubat
1507 1343 1659 1391 aux-03

480 1407 573 1455 Hic
587 1414 750 1471 stupet
767 1410 1008 1456 attonitus
1040 1408 1217 1456 rostris
1231 1426 1246 1471 3
1281 1407 1411 1455 hunc
1427 1407 1625 1472 plausus
1638 1407 1863 1457 hiantem

481 1488 578 1535 Per
599 1503 779 1535 cuneos
800 1488 1080 1553 geminatus
1100 1489 1233 1536 enim
1255 1487 1508 1552 plebisque
1525 1496 1827 1551 patrumque

479 1566 757 1631 Corripuit3
792 1568 1010 1632 gaudent
1030 1566 1218 1632 perfusi
1241 1568 1480 1630 sanguine
1501 1567 1731 1628 fratrum,

483 1646 766 1710 l-Ixsilioque
787 1647 955 1695 domos
977 1654 1029 1696 et
1050 1646 1213 1696 dulcia
1232 1645 1403 1694 limina
1422 1652 1633 1703 mutant,

481 1727 649 1791 Atque
670 1727 766 1776 alio
788 1728 998 1792 patriam
1021 1733 1267 1792 quaerunt
1285 1725 1378 1775 sub
1398 1725 1500 1775 sole
1517 1725 1773 1775 iacentem.

482 1807 715 1872 Agricola
737 1809 937 1856 incurvo
960 1815 1141 1856 terram
1166 1807 1372 1855 dimovit
1392 1813 1558 1855 aratro
1575 1826 1590 1855 ε

484 1887 610 1934 Hinc
631 1888 748 1934 anni
769 1887 924 1945 labor,
944 1887 1060 1937 hinc
1082 1889 1295 1951 patriam
1315 1901 1588 1950 parvosque
1621 1884 1842 1949 penatia

482 1966 719 2028 Sustinet,
742 1966 856 2015 hinc
878 1976 1101 2016 armenta
1122 1967 1266 2015 boum
1293 1966 1586 2029 meritosque
1612 1966 1867 2017 iuvencos.

484 2045 587 2093 Nec
608 2048 803 2110 requies
842 2048 959 2112 quin
981 2054 1070 2096 aut
1090 2047 1246 2111 pomis
1267 2046 1505 2093 exuberet
1523 2060 1697 2106 annue,

482 2127 590 2175 Aut
617 2126 721 2175 fetu
742 2142 989 2189 pecorum,
1012 2134 1101 2175 aut
1122 2124 1338 2175 Cerealis
1358 2127 1565 2189 mergite
1581 2125 1752 2187 culmi,

484 2205 826 2269 Proventuque
846 2214 1017 2256 oneret
1039 2206 1199 2255 sulcos
1220 2212 1369 2268 atque
1393 2205 1569 2254 horrea
1589 2206 1771 2256 vincat.

483 2284 637 2332 Venit
658 2284 842 2349 hiemps
850 2302 866 2347 3
886 2287 1064 2333 teritur
1087 2283 1317 2349 Sicyonia
1337 2285 1458 2332 baca
1479 2285 1701 2347 trapetis,

482 2362 673 2412 Glande
694 2378 805 2411 sues
826 2363 943 2411 laeti
964 2363 1188 2424 redeunt,
1207 2362 1327 2410 dant
1346 2361 1524 2409 arbuta
1544 2360 1728 2426 eilvae3

482 2442 547 2490 Et
568 2442 727 2491 varios
747 2443 883 2506 ponit
904 2441 1034 2490 fetus
1056 2450 1338 2502 autumnus,
1358 2448 1410 2489 et
1430 2440 1529 2488 alte

482 2523 623 2571 Mitis
641 2522 692 2569 in
714 2522 895 2585 apricis
914 2523 1144 2585 coquitur
1166 2521 1409 2569 vindemia
1430 2522 1577 2569 saxis.

482 2601 676 2650 Interea
697 2601 862 2650 dulces
882 2600 1095 2664 pendent
1115 2603 1299 2650 circum
1318 2599 1485 2648 oscula
1505 2600 1629 2659 nati,

481 2676 629 2726 Casta
650 2677 931 2741 pudicitiam
955 2685 1119 2725 servat
1140 2677 1330 2738 domus,
1352 2676 1505 2725 ubera
1524 2690 1700 2723 vaceae

480 2756 660 2806 Lactea
681 2757 959 2814 demittunt,
982 2757 1288 2821 pinguesque
1310 2758 1360 2805 in
1385 2756 1610 2820 gramine
1632 2754 1765 2805 laeto

482 2836 622 2886 Inter
640 2853 691 2886 ae
712 2837 928 2886 adversis
949 2836 1200 2886 luctantur
1219 2837 1449 2886 cornibus
1469 2835 1628 2884 haedi.
