2100 3500
495 471 590 515 344
775 450 1246 494 ANTHOLOGIA
1293 451 1582 494 LATJNA.

497 545 602 594 Nec
620 544 756 594 color
775 561 906 594 nnus
924 553 1054 595 erat.
1122 543 1305 594 Stellas
1326 546 1550 594 accendit
1570 548 1625 595 in
1648 561 1788 607 auro,

497 628 645 675 θεῖτο
664 625 831 675 fundit
848 640 1024 689 aquas,
1045 625 1232 674 attollit
1251 625 1400 674 litora
1421 629 1634 691 gemmis

499 707 702 770 Filaque
722 707 956 754 mentitos
974 707 1075 754 iam
1096 708 1197 753 iam
1218 705 1463 755 caelantia
1482 707 1666 756 fluctus

499 791 627 837 Arte
647 796 856 836 tument.
920 786 1109 836 Credas
1130 786 1253 834 illidi
1272 786 1501 836 cautibus
1522 787 1708 849 algam,

501 870 567 918 Et
585 884 788 917 raucum
812 868 993 917 bibulis
1013 868 1264 930 inserpere
1282 883 1508 916 murmur
1528 868 1747 916 harenis,
1789 881 1799 891 ·

499 950 661 999 Addit
677 951 895 1013 quinque
915 948 1108 1014 plagas.
1160 948 1380 997 Mediam
1402 948 1718 1011 subtegmine
1741 949 1882 996 rubro

503 1031 761 1079 Obse‘oeam
780 1030 973 1078 fervore
993 1037 1167 1092 notat3
1200 1029 1462 1092 squalebat
1483 1029 1692 1077 adustus

503 1111 667 1159 Limes
685 1118 738 1159 et
756 1110 953 1159 assiduo
968 1110 1203 1158 sitiebant
1221 1111 1434 1158 stamina
1455 1110 1570 1159 sole.

505 1190 699 1241 Vitales
717 1192 948 1254 utrinque
970 1190 1113 1250 duas,
1133 1205 1259 1252 quas
1276 1191 1412 1239 mitis
1432 1191 1636 1239 oberrat

504 1271 801 1336 Temperies,
820 1270 1091 1320 habitanda
1109 1271 1260 1334 viris3
1293 1270 1349 1320 in
1369 1271 1469 1319 fine
1489 1285 1722 1335 supremo

507 1353 779 1416 Torpentes
797 1353 956 1400 traxit
974 1353 1197 1416 geminas
1219 1352 1493 1414 brumaque
1515 1352 1720 1415 perenni

507 1432 695 1482 Foedat
713 1440 765 1481 et
784 1441 984 1481 aeterno
1002 1434 1262 1482 contristat
1311 1432 1497 1494 frigore
1519 1432 1662 1481 telas.

573 1512 678 1562 Nec
697 1529 796 1562 non
815 1519 868 1561 et
886 1514 1055 1576 patrui
1075 1515 1238 1576 pingit
1258 1514 1476 1561 sacraria
1499 1511 1650 1572 Ditis,

511 1594 803 1657 Fatalesque
822 1594 918 1642 sibi
940 1593 1132 1642 Manes.
1199 1594 1302 1642 Nec
1323 1593 1482 1642 defuit
1501 1608 1678 1655 omen3

513 1676 740 1724 Praescia
759 1690 874 1722 nam
894 1674 1075 1723 subitis
1093 1663 1390 1723 maduerunt
1410 1673 1610 1722 fletibus
1628 1687 1731 1721 ora.

1383 1752 1492 1804 Lib.
1510 1757 1574 1804 iv.
1598 1758 1829 1802 ειη-266.-

1102 1865 1311 1911 cotxxx.

890 1963 1002 2016 The
1029 1963 1265 2015 Descent
1287 1968 1338 2014 to
1364 1959 1520 2013 Heu.

589 2102 691 2155 ›532-
729 2118 733 2131 ι
793 2086 992 2135 MALE
1014 2086 1177 2135 dilecti
1197 2085 1341 2133 flores
1362 2084 1689 2147 despectaque
1709 2079 1870 2128 matris

523 2189 541 2202 ”
575 2173 609 2227 :ss
623 2149 673 2223 “³³3⁴
702 2157 715 2164 Α
792 2168 1028 2230 Consilia,
1049 2184 1081 2217 o
1104 2165 1317 2216 Veneris
1333 2166 1604 2231 deprensae
1625 2164 1783 2212 serius

706 2244 719 2255 “
740 2271 743 2272 ’
922 2258 1055 2298 artes
1073 2251 1085 2297 ε

521 2336 703 2396 Mater,
723 2333 789 2394 io,
809 2347 897 2383 seu
918 2340 968 2379 te
990 2328 1228 2393 Phrygiis
1250 2328 1304 2375 in
1324 2324 1537 2374 vallibus
1559 2323 1680 2371 Idae

526 2415 798 2481 Mygdonio
819 2414 985 2462 buxus
1002 2412 1331 2459 circumsonat
1351 2405 1554 2455 horrida
1573 2411 1742 2463 cantu,

526 2499 623 2547 Seu
648 2505 702 2544 tu
721 2494 1005 2558 sanguineis
1025 2489 1270 2538 ululantia
1292 2485 1545 2549 Dindyma
1567 2483 1730 2533 Gallis

525 2577 722 2637 Incolis»,
741 2582 793 2625 et
806 2576 1001 2623 strictos
1023 2571 1265 2622 ctu-emm
1284 2568 1488 2631 respicis
1505 2579 1667 2625 enses,

525 2659 694 2707 Exitio
712 2670 941 2706 succurre
962 2668 1088 2714 mec,
1107 2663 1358 2714 compesce
1385 2647 1648 2705 furentem,

526 2738 802 2801 Comprime
823 2734 997 2783 ferales
1019 2733 1148 2781 torvi
1169 2728 1431 2795 praedonis
1451 2723 1700 2775 habenas.’

590 2817 793 2865 Talibus
813 2815 893 2863 ille
913 2814 1056 2863 ferox
1077 2811 1221 2860 dictis
1239 2810 1456 2872 fletuque
1476 2806 1651 2856 decoro
