2100 3500
844 426 883 470 0
895 428 1052 472 VIDI
1061 429 1155 471 tls.
1601 437 1694 484 213

311 516 457 565 Nunc
478 516 583 565 ruis
604 515 828 580 adposito
846 516 1041 565 nivibus
1063 515 1124 564 de
1145 521 1310 564 monte
1332 513 1523 576 velutin,

374 595 441 644 Et
461 596 594 659 turpi
615 610 806 644 massae
828 595 1025 662 gurgite
1044 594 1199 643 volvis
1218 609 1392 658 aquas.

311 676 446 736 Quid
465 690 756 740 properasse
779 677 931 736 iuvat,
955 674 1074 739 quid
1094 689 1244 738 parea
1264 673 1456 722 dedisse
1479 673 1631 737 quieti
1699 703 1708 712 ·

375 755 641 819 Tempora,
662 755 782 819 quid
801 756 935 804 noeti
953 754 1256 826 conseruisse
1276 753 1422 814 diem,

311 835 366 883 Si
390 843 555 884 tamen
573 835 657 883 hio
677 834 905 902 standum
922 841 1015 895 est,
1032 833 1077 882 ei
1096 849 1195 882 non
1214 833 1362 881 datur
1377 833 1567 881 artibus
1581 831 1696 881 ullis

376 914 598 963 Ulterior
617 921 784 963 nostro
803 916 914 978 ripa
933 913 1197 978 premenda
1219 912 1330 976 pedi
1348 912 1373 960 P

312 993 461 1042 Nune
479 1010 574 1055 ego
593 1007 718 1056 quaa
738 994 911 1042 habuit
931 995 1109 1058 pinnas
1131 993 1384 1040 Danaeius
1405 990 1568 1050 heros,

377 1073 609 1121 Terribili
631 1074 835 1122 densum
853 1088 965 1123 eum
986 1073 1103 1122 tulit
1122 1087 1285 1137 angue
1303 1078 1471 1135 eaput,

312 1152 459 1201 Nune
480 1161 596 1218 opto
616 1169 832 1214 currum,
853 1153 915 1202 de
935 1168 1034 1216 quo
1057 1152 1271 1201 Cerialia
1292 1153 1504 1215 primum

379 1233 576 1282 Semina
596 1241 834 1282 venerunt
854 1235 907 1282 in
927 1233 1051 1283 rude
1072 1233 1226 1282 missa
1245 1233 1416 1283 eohm.

313 1313 604 1377 Prodigiosa
622 1313 795 1377 loquor
814 1321 1036 1362 veterum
1055 1313 1311 1362 mendacia
1330 1320 1513 1361 vatum.

378 1391 484 1440 Nee
504 1392 620 1441 tulit
639 1392 761 1442 haee
778 1408 1029 1457 umquam,
1049 1407 1140 1442 nee
1159 1393 1286 1441 feret
1307 1391 1411 1440 ulla
1430 1392 1549 1439 dies.

312 1471 394 1519 Tu
416 1473 596 1536 potine,
616 1474 738 1537 ripis
758 1472 910 1522 effuse
930 1474 1190 1537 capacibus
1213 1475 1388 1532 amnis,

381 1551 461 1602 Sic
482 1561 710 1603 aeternus
728 1555 1038 1604 eae-labere
1059 1555 1157 1603 fine
1178 1556 1293 1603 tuo!

314 1631 428 1680 Non
445 1633 543 1681 eris
564 1634 796 1694 invidiae,
816 1641 1026 1693 terrene,
1047 1633 1170 1682 mihi
1191 1634 1353 1693 erede,
1375 1631 1619 1693 ferendae,

380 1710 434 1760 Si
454 1711 590 1760 dicar
608 1727 698 1776 per
719 1720 768 1762 te
788 1713 916 1762 forte
933 1720 1159 1763 retentus
1178 1727 1362 1762 amans.

312 1792 544 1840 Flumina
561 1792 794 1841 deberent
810 1793 1010 1841 iuvenes
1028 1793 1084 1841 in
1102 1808 1268 1842 amore
1287 1795 1460 1841 iuvare
1471 1812 1486 1841 ι

379 1871 608 1920 Flumina
629 1881 886 1920 senserunt
908 1873 1035 1936 ipsa,
1057 1872 1175 1935 quid
1196 1880 1327 1921 esset
1349 1887 1501 1922 amor.

315 1951 528 2000 Inachus
549 1952 602 1999 iu
623 1951 777 2001 Melie
795 1952 1070 2017 Bithynide
1091 1952 1303 2017 pallidus
1323 1953 1422 2002 isse

379 2032 580 2080 Dicitur
595 2040 647 2081 et
666 2032 841 2097 gelidis
863 2033 1122 2085 incaluisse
1141 2034 1291 2082 vadia.

312 2111 516 2160 Cornua
536 2112 579 2159 si
603 2119 690 2160 tua
707 2127 837 2160 nunc
857 2112 944 2161 ubi
966 2114 1082 2174 sint,
1104 2112 1343 2174 Acheloe,
1367 2112 1632 2176 requiram,

380 2190 610 2240 Herculis
631 2192 760 2240 irata
780 2192 940 2241 fracta
959 2208 1166 2256 querere
1187 2208 1352 2244 manu.

315 2270 423 2318 Nee
443 2271 570 2319 tanti
591 2270 834 2335 Calydon,
852 2287 945 2321 nee
965 2279 1072 2321 tota
1093 2273 1290 2323 Aetolia
1309 2273 1435 2322 tanti

380 2349 498 2398 Una
517 2357 683 2400 tamen
701 2351 832 2400 tenti
847 2352 1089 2401 Deianira
1106 2354 1217 2401 fuit.

313 2430 410 2480 Ille
427 2430 584 2478 fluens
605 2431 740 2479 dives
762 2440 963 2496 septena
981 2448 1071 2497 per
1091 2434 1219 2482 ostia
1242 2432 1404 2493 Nilus,

380 2509 481 2570 Qui
501 2513 713 2575 patriam
734 2519 902 2560 tantae
920 2519 1021 2560 tam
1043 2511 1167 2562 bene
1186 2511 1314 2561 eelat
1334 2527 1509 2575 aquae,

315 2589 499 2638 Fertur
516 2590 569 2636 in
590 2590 796 2639 Euadne
816 2590 1069 2639 eolleetam
1092 2590 1305 2654 Asopide
1325 2589 1574 2651 flammam

383 2668 596 2717 Vineere
617 2670 897 2733 gurgitibus
917 2684 1017 2718 non
1036 2671 1253 2733 potuine
1276 2671 1466 2719 suis,-

315 2746 391 2796 ΤΘ
412 2762 609 2810 quoque
625 2748 857 2798 credibile
876 2755 954 2798 est
973 2748 1142 2813 aliqua
1161 2748 1368 2798 caluisse
1387 2748 1583 2814 puellas

383 2825 479 2876 Sed
498 2841 699 2877 nemora
718 2835 771 2877 et
791 2829 939 2878 silvae
960 2830 1167 2878 erimina
1186 2836 1350 2878 vestra
1370 2836 1548 2893 tegunt
