2100 3500
696 461 723 501 1
737 459 1110 502 UVENALIS.
1500 477 1587 523 32¹

207 550 457 599 Paulatim
479 553 598 599 vitia
619 557 768 614 atque
788 565 981 598 errores
1000 551 1143 598 exuit
1161 566 1347 613 omnes,

207 630 380 677 Prima
401 629 541 678 docet
558 640 747 679 rectum
768 630 1025 694 sapientia.
1065 631 1259 696 Quippe
1279 633 1455 681 minuti
1503 645 1511 652 ·

210 709 416 772 Semper
436 717 488 757 et
508 710 690 758 infirmi
712 719 787 759 est
807 711 958 758 animi
978 711 1243 774 exiguique
1264 711 1489 778 voluptas

211 788 380 839 Ultio:
414 791 642 838 continuo
663 791 734 838 sic
752 789 945 854 collige,
966 790 1100 853 quod
1120 791 1333 840 vindicta

212 869 373 918 Nemo
394 872 554 934 magis
572 870 772 934 gaudet,
793 885 942 934 quam
963 871 1159 919 femina.
1227 869 1330 919 Cur
1351 878 1515 920 tamen

403 950 495 998 hos
514 957 572 998 tu

213 1031 441 1079 Evasisse
465 1038 624 1094 putes,
648 1045 770 1093 quos
794 1030 890 1078 diri
911 1031 1108 1078 conscia
1130 1029 1249 1078 facti

212 1114 360 1161 Mens
383 1112 533 1162 habet
553 1114 788 1161 attonitos
810 1119 862 1161 et
882 1111 1030 1161 surdo
1050 1112 1253 1161 verbere
1279 1113 1441 1161 caedit

214 1193 472 1242 Occultum
492 1194 746 1257 quatiente
768 1193 931 1240 animo
952 1199 1140 1242 tortore
1160 1192 1448 1258 flagellum?

212 1272 383 1320 Poena
402 1279 567 1320 autem
588 1272 847 1320 vehemens
868 1285 927 1320 ae
947 1271 1104 1321 multo
1123 1275 1313 1321 saevior
1333 1273 1447 1334 illis,

212 1353 351 1411 Quas
388 1360 439 1400 et
467 1351 722 1401 Caedicius
757 1353 924 1417 gravis
959 1353 1147 1400 invenit
1178 1360 1229 1401 et
1262 1353 1571 1401 Rhadaman·

406 1432 538 1489 thus,
566 1438 571 1443 '

214 1510 373 1560 Nocte
395 1512 567 1575 dieque
588 1527 729 1560 suum
750 1519 945 1576 gestare
968 1513 1019 1560 in
1041 1521 1235 1577 pectore
1256 1522 1447 1565 testem.

408 1606 437 1634 U
650 1608 677 1635 ὕ
892 1608 919 1635 0
1133 1608 1162 1636 U
1375 1610 1402 1636 0

215 1668 322 1716 Has
339 1669 527 1732 patitur
546 1684 729 1733 poenas
750 1669 981 1733 peccandi
1002 1669 1106 1718 sola
1125 1669 1362 1719 volunt-as,

215 1747 346 1796 Nam
371 1748 527 1797 scelus
547 1752 679 1797 intra
698 1765 749 1798 se
771 1750 975 1798 tacitum
997 1752 1084 1814 qui
1097 1750 1284 1815 cogitat
1302 1750 1472 1808 ullum,

214 1827 359 1877 Facti
379 1829 563 1877 crimen
582 1829 749 1878 habet.
816 1826 967 1892 cedo,
987 1830 1029 1877 si
1050 1838 1226 1878 conata
1242 1831 1470 1894 peregit?

216 1905 466 1971 Bel-petua
486 1910 711 1957 anxietas
730 1924 821 1957 nec
840 1924 1035 1956 mensae
1057 1916 1278 1972 tempore
1299 1917 1471 1971 cessat,

217 1988 466 2036 Faucibus
488 1996 546 2036 ut
565 1988 737 2037 morbo
758 1989 899 2037 siccis
921 1989 1148 2052 interque
1167 1987 1376 2036 molares

217 2068 420 2116 Difficili
441 2075 689 2116 crescente
707 2067 818 2115 cibo
835 2086 849 2131 3
886 2065 1055 2116 Setina
1074 2066 1291 2116 misellus

219 2148 429 2212 Expuit,
450 2147 637 2196 Albani
657 2147 836 2195 veteris
854 2147 1072 2211 pretiosa
1094 2155 1315 2197 senectus

219 2227 491 2292 Displicet3
525 2226 755 2276 ostendas
775 2226 966 2283 melius,
991 2225 1281 2275 densissima
1300 2242 1425 2291 ruga

220 2307 430 2371 Cogitur
450 2308 502 2354 in
524 2307 754 2366 frontem,
773 2305 906 2353 velut
925 2306 1026 2354 acri
1048 2305 1197 2354 ducta
1216 2305 1440 2355 Falerno.

224 2388 381 2436 Nocte
403 2389 599 2436 brevem
615 2387 659 2435 si
679 2387 807 2436 forte
827 2385 1029 2434 indulsit
1050 2402 1169 2435 eura
1192 2402 1435 2450 soporem,

222 2468 287 2516 Et
308 2475 415 2516 toto
436 2474 630 2515 versata
650 2475 760 2515 toro
780 2467 879 2515 iam
900 2466 1122 2515 membra
1138 2466 1414 2528 quiescunt,

221 2546 469 2597 Continuo
489 2546 726 2610 templum
746 2555 799 2595 et
819 2546 985 2595 violati
997 2547 1221 2596 ‘numinis
1242 2560 1354 2593 aras

224 2629 307 2690 Et,
330 2627 463 2692 quod
487 2628 759 2691 praecipuis
779 2634 987 2676 mentem
1012 2625 1270 2674 sudoribus
1290 2632 1450 2690 urget,

225 2708 298 2757 Te
318 2709 454 2757 videt
472 2709 525 2756 in
541 2708 751 2771 somnis3
786 2714 873 2756 tua
895 2722 1037 2756 sacra
1057 2714 1109 2754 et
1129 2707 1286 2754 maior
1306 2707 1468 2769 imago

225 2790 460 2839 Humana
480 2789 651 2838 turbat
672 2788 902 2854 pavidum
922 2787 1155 2851 cogitque
1176 2786 1338 2835 fateri.

227 2870 293 2918 Hi
317 2877 452 2928 sunt,
473 2871 559 2933 qui
580 2869 831 2933 trepidant
848 2876 900 2918 et
920 2869 987 2918 ad
1004 2869 1171 2917 omnia
1191 2867 1389 2933 fulgura
1410 2866 1613 2931 pallent,

868 2964 903 2997 τ
