2100 3500
496 428 581 471 134
774 409 1237 453 ANTHOLOGJA
1290 410 1578 455 LATJNA.

492 503 555 553 Et
574 503 869 553 circumfuso
888 504 1162 554 volitabant
1179 504 1335 553 milite
1356 504 1545 554 Volsci.

493 583 635 643 Ecce,
659 582 809 648 fug-ae
826 583 989 632 medio
1027 584 1232 633 summis
1255 584 1535 633 Amasenus
1563 584 1820 634 abundans

491 662 762 726 Spumabet
782 656 935 727 ι’·ἰρίες
968 670 1140 712 tantus
1160 678 1212 711 se
1232 663 1444 712 nubibus
1463 662 1623 712 imber

489 742 724 807 Ruperat.
792 742 898 800 Ille,
920 744 1093 791 innare
1112 758 1311 807 parans,
1334 743 1536 791 infantis
1555 758 1723 792 amore

490 822 743 872 Tardatur
778 838 990 887 caroque
1009 824 1149 871 oneri
1168 824 1327 871 timet.
1396 822 1576 872 Omnia
1596 839 1761 872 secum

490 898 724 948 Vei-santi
746 898 908 948 subito
930 899 1014 947 vix
1034 899 1157 948 haec
1180 899 1422 948 sententia
1443 898 1572 948 sedit
1586 918 1602 948 ε

489 978 663 1026 Telum
685 979 897 1039 inmane,
918 994 1070 1027 manu
1090 978 1253 1027 valida
1274 978 1402 1042 quod
1426 978 1553 1027 forte
1574 978 1781 1043 gerebat

490 1056 952 1120 Bellator,·solidum
972 1059 1117 1107 nodis
1137 1065 1190 1107 et
1208 1058 1383 1107 robore
1401 1066 1556 1117 cocw,

492 1137 620 1185 Huic
640 1144 824 1198 natam,
845 1136 973 1185 libro
990 1144 1044 1185 et
1065 1137 1278 1185 silvestri
1298 1138 1475 1186 subere
1494 1137 1738 1195 clausam,

492 1217 731 1282 Implicat,
745 1224 895 1280 atque
915 1216 1129 1266 habilem
1147 1217 1337 1268 mediae
1347 1218 1658 1282 circumligat
1676 1218 1869 1281 hastceg

489 1299 650 1356 Quam
671 1297 848 1346 dextra
868 1298 1057 1362 ingenti
1078 1296 1264 1347 librans
1285 1298 1356 1346 ita
1374 1297 1439 1346 ad
1460 1298 1666 1346 aethon.
1686 1298 1822 1347 fatur
1834 1317 1850 1343 ε

489 1377 656 1439 Alma,
677 1377 769 1426 tibi
789 1377 934 1438 hane,
949 1393 1206 1427 nemorum
1224 1377 1427 1439 cultriX,
1449 1379 1660 1427 Latonia
1680 1379 1839 1443 virgo,

489 1457 602 1520 lpse
624 1464 764 1520 pater
785 1456 1019 1505 famulam
1038 1473 1188 1506 voveo
1205 1477 1219 1507 ε
1253 1465 1341 1506 tua
1359 1459 1524 1521 prima
1543 1472 1634 1522 per
1650 1472 1801 1507 auras

488 1535 611 1584 Tela
632 1543 803 1585 teneus
820 1537 1030 1601 supplex
1051 1536 1244 1587 hostem
1263 1537 1406 1602 fugit.
1469 1537 1679 1602 Accipe,
1699 1544 1871 1594 metor,

489 1616 636 1678 Diva,
657 1625 811 1674 tuam,
832 1632 960 1681 quae
977 1632 1107 1665 nunc
1128 1616 1291 1667 dubiis
1310 1618 1634 1666 committitur
1652 1620 1808 1667 aui-ie.

491 1696 653 1756 Dixit,
674 1704 725 1746 et
747 1696 960 1747 adducto
980 1705 1257 1747 contortum
1278 1696 1456 1746 hastile
1476 1696 1663 1746 lacerto

490 1778 737 1830 lnmittitz
770 1793 974 1827 sonuere
996 1777 1185 1841 undae3
1220 1777 1446 1843 rapidum
1471 1794 1617 1842 super
1637 1795 1830 1828 amnem

498 1857 677 1906 infelix
699 1858 830 1923 fugit
849 1859 903 1907 in
924 1857 1085 1907 iaculo
1104 1859 1339 1907 stridente
1355 1857 1579 1907 Camilla.

496 1940 566 1985 At
589 1938 1029 2003 Metabus‚magna
1047 1940 1250 2003 propius
1273 1940 1368 1988 iam
1407 1945 1616 1999 urgente
1656 1946 1877 2000 caterva,

493 2019 593 2066 Dat
615 2034 719 2068 sese
740 2018 887 2067 fluvio
925 2027 1077 2082 atque
1096 2019 1291 2068 hastam
1311 2034 1424 2068 cum
1445 2020 1636 2083 virgine
1656 2020 1817 2069 victor

492 2098 756 2147 Gramineo
777 2098 959 2147 donum
979 2099 1182 2148 Triviae
1201 2099 1262 2151 de
1282 2101 1497 2162 caespite
1517 2100 1671 2148 vellit.

491 2176 606 2225 Non
628 2177 769 2226 illum
790 2181 935 2227 tectis
956 2178 1105 2235 ullae,
1122 2192 1221 2228 non
1242 2178 1496 2227 moenibus
1514 2179 1665 2227 urbes

492 2256 738 2320 Accepere
777 2272 937 2320 neque
959 2259 1064 2322 ipse
1084 2274 1259 2307 manus
1280 2259 1476 2307 feritate
1498 2258 1714 2309 dedisset
1732 2278 1749 2309 z

492 2334 753 2385 Pastorum
775 2344 826 2385 et
846 2337 959 2386 solis
980 2340 1148 2402 exegit
1166 2338 1414 2387 montibus
1435 2353 1626 2387 aevum.

494 2417 587 2467 Hic
608 2425 775 2467 natam
797 2418 848 2465 in
870 2419 1031 2467 dumis
1052 2420 1278 2482 interque
1299 2419 1552 2468 horrentia
1570 2417 1732 2468 lustra

495 2497 798 2547 Armentalis
820 2512 976 2561 equae
999 2500 1226 2547 mammis
1245 2505 1296 2547 et
1315 2498 1442 2547 lacte
1458 2499 1618 2547 ferino

493 2575 540 2623 N
544 2577 747 2637 utribat‚
769 2578 953 2625 teneris
974 2577 1253 2641 inmulgeus
1274 2577 1428 2626 ubera
1448 2576 1617 2625 labris.

495 2652 664 2716 thue
684 2653 866 2718 pedum
884 2655 1059 2719 primis
1081 2655 1244 2703 infans
1265 2655 1474 2719 vestigia
1492 2654 1678 2718 plantis

495 2731 764 2794 Institerat,
786 2734 947 2782 iaculo
969 2733 1157 2798 palmas
1181 2734 1389 2782 armavit
1409 2739 1572 2790 acuto.

491 2809 789 2876 Spiculaque
810 2827 876 2860 ex
934 2829 1105 2862 umero
1126 2827 1311 2877 parvae
1334 2812 1589 2878 suspendit
1610 2818 1664 2862 et
1682 2828 1885 2866 arcum:
