2100 3500
751 459 1154 502 VERGILIUS.
1549 473 1634 510 lu

234 549 470 614 Solaque
489 550 786 600 culminibus
805 552 949 601 ferali
967 554 1188 601 carmine
1208 552 1340 601 bubo

236 630 414 693 Saepe
434 632 580 694 queri
594 638 647 679 et
665 630 839 695 longas
860 633 912 680 in
932 632 1105 681 fletum
1125 632 1303 681 ducere
1326 646 1476 680 voces.

236 709 519 773 Multaque
537 718 795 775 praeterea
811 720 980 761 vatum
1002 712 1257 776 praedicta
1274 711 1495 776 priorum

238 788 493 838 Terribili
515 791 702 839 monitu
723 791 1027 841 horrificant.
1094 793 1226 857 Agit
1246 793 1352 855 ipse
1363 791 1610 839 furentem

239 870 315 918 In
337 872 523 920 somnis
549 871 683 921 ferus
703 871 927 922 Aeneas:
963 887 1253 937 semperque
1271 872 1485 934 relinqui
1553 885 1568 904 ⁰

244 951 376 1000 Sola
395 951 509 1012 sibi,
532 967 725 1016 semper
742 952 941 1017 long-sm
961 953 1248 1002 incomitata.
1266 951 1463 1000 videtur

244 1032 340 1080 Ire
360 1032 493 1080 viam
517 1041 569 1081 et
589 1032 770 1098 Tyrios
788 1032 985 1083 deserta
1005 1046 1243 1097 quaerere
1266 1040 1415 1081 terra.

246 1111 585 1160 Eumenidum
605 1113 757 1161 veluti
778 1112 977 1162 demens
1000 1112 1133 1163 videt
1153 1110 1354 1177 agmina
1375 1110 1625 1159 Pentheus

249 1190 323 1239 Et
336 1190 487 1239 solem
508 1191 758 1256 geminum
778 1198 830 1239 et
849 1190 1060 1256 duplicis
1075 1207 1128 1240 se
1143 1191 1400 1240 ostendere
1422 1190 1642 1254 Thebas3

251 1272 370 1319 Aut
392 1272 813 1336 Agamemnonius
835 1270 1022 1320 scaenis
1042 1273 1259 1337 agitatus
1281 1271 1481 1320 Orestes

252 1352 531 1399 Armatam·
542 1350 731 1400 facibus
750 1360 961 1401 matrem
980 1359 1033 1400 et
1051 1352 1361 1417 serpentibus
1383 1354 1506 1399 atris

254 1429 386 1480 Cum
407 1429 557 1496 fugit,
575 1429 874 1495 ultricesque
895 1430 1067 1481 sedent
1086 1431 1140 1480 in
1159 1431 1325 1480 limine
1346 1430 1512 1479 Dirae.

1273 1526 1324 1560 V.
1348 1515 1577 1560 450-473.

829 1598 1049 1635 Lxxxvl.

843 1703 1035 1775 Night.

353 1943 365 1950 .
391 1947 403 1959 Ι
650 1918 874 1970 soporem

317 2013 325 2020 -
431 1983 450 2006 ¹
471 1971 509 2025 ’Ἃ
555 1980 777 2047 Corpora
807 1998 897 2047 per
928 1991 1106 2045 terras,
1137 1982 1385 2046 silvaeque
1417 1990 1469 2031 et
1506 1998 1649 2033 saeva

456 2062 685 2126 quierant

261 2142 520 2205 Aequora,
540 2158 651 2190 cum
675 2143 838 2192 medio
859 2143 1123 2192 volvuntur
1143 2143 1304 2192 sidera
1324 2143 1484 2209 lapsu,

261 2221 391 2271 Cum
412 2230 545 2270 tacet
562 2224 720 2272 omnis
742 2238 878 2287 ager,
899 2222 1110 2286 pecudes
1130 2223 1389 2288 pictaeque
1414 2224 1649 2286 volucres,

263 2302 502 2367 Quaeque
519 2302 656 2351 lacus
675 2302 776 2351 late
796 2302 1008 2366 liquidos
1048 2317 1273 2367 quaeque
1294 2319 1470 2367 aspera
1490 2303 1651 2352 dumis

246 2381 406 2453 ⁸Rura.
426 2391 610 2442 tenent,
638 2398 806 2431 somno
823 2384 1012 2447 positae
1033 2382 1127 2431 sub
1143 2392 1285 2431 nocte
1306 2382 1471 2432 silenti

263 2461 509 2511 Lenibant
528 2479 674 2512 curas
711 2470 763 2513 et
781 2463 932 2511 corda
952 2461 1106 2511 oblita
1124 2461 1364 2512 laborum.

265 2545 340 2591 At
358 2559 457 2593 non
477 2543 652 2592 infelix
670 2543 821 2592 animi
841 2542 1129 2605 Phoenissa,
1149 2558 1310 2609 neque
1333 2558 1570 2608 umquam

267 2625 482 2674 Solvitur
503 2628 556 2674 iu
578 2640 790 2683 somnos,
815 2623 1028 2672 oculisve
1049 2631 1137 2672 aut
1157 2631 1353 2688 pectore
1371 2632 1560 2671 noctem

265 2706 497 2771 Accipit.
531 2704 843 2770 ingeminant
862 2717 1028 2765 curae,
1050 2718 1323 2767 rursusque
1343 2717 1607 2767 resurgens

265 2783 429 2837 Saevit
449 2800 610 2848 amor,
632 2798 906 2849 magnoque
926 2784 1114 2832 irarum
1131 2781 1339 2831 fluctuat
1355 2790 1506 2830 aestu.

1280 2877 1331 2914 V.
1360 2867 1451 2912 522
1463 2866 1588 2912 {3320
1671 2881 1733 2952 Ψ
