2100 3500
505 450 568 508 98
795 448 1258 491 ANTHOLOGIA
1300 450 1590 493 LATINA.

506 538 566 587 In
589 538 788 603 volgum
808 541 1084 606 ambiguas,
1103 549 1155 591 et
1175 558 1413 607 quaerere
1434 545 1655 593 conscius
1676 561 1829 595 arma.

509 618 614 667 Nec
636 621 881 683 requievit
902 623 1056 682 enim,
1078 621 1231 671 donec
1252 622 1524 673 Calchante
1544 630 1836 673 ministro-

511 697 608 747 Sed
630 699 748 764 quid
770 716 864 764 ego
884 701 1006 750 haec
1028 709 1194 750 autem
1217 704 1520 768 nequiquam
1542 706 1739 767 ingrata
1761 721 1834 753 re-

701 779 844 828 volvo
860 780 884 827 Ρ

507 858 700 917 Quidve
713 875 896 917 moror,
912 861 955 909 si
976 862 1136 909 omnis
1150 877 1250 910 uno
1265 862 1437 912 ordine
1454 864 1648 913 habetis
1657 864 1898 925 Achivos,

507 940 662 1003 quue
684 940 855 989 audire
876 948 954 990 sat
976 948 1052 990 est
1068 941 1092 989 Ρ
1160 941 1455 992 Iamdudum
1479 945 1656 993 sumite
1681 960 1895 1011 poenas3

508 1018 617 1068 Hoc
641 1019 842 1069 Ithacus
860 1020 993 1082 velit,
1015 1029 1068 1069 et
1087 1036 1270 1086 magno
1289 1031 1570 1072 mercentur
1591 1023 1820 1074 Atridae.

567 1099 695 1147 Tum
721 1116 835 1149 vero
856 1101 1086 1150 ardemus
1106 1103 1273 1150 scitari
1291 1112 1343 1150 et
1364 1118 1599 1166 quaerere
1620 1119 1835 1167 caussas,

511 1180 677 1242 [gnari
703 1179 939 1228 scelerum
952 1189 1212 1229 ‚tantorum
1237 1183 1458 1245 artisque
1480 1182 1733 1248 Pelasgae.

508 1259 830 1322 Prosequitur
850 1261 1095 1324 pavitans,
1114 1270 1166 1310 et
1185 1262 1300 1310 ficto
1320 1270 1519 1326 pectore
1540 1264 1704 1315 fatur:

559 1347 716 1411 Saepe
737 1348 907 1414 fugam
927 1348 1096 1398 Danai
1117 1345 1270 1397 Troia
1289 1350 1488 1412 cupiere
1509 1349 1683 1399 relicta

505 1443 674 1492 Moliri
695 1451 745 1492 et
772 1443 918 1507 longo
939 1443 1056 1491 fessi
1080 1442 1328 1491 discedere
1350 1440 1508 1505 bello;

505 1523 854 1588 Fecisse-utque
875 1524 1092 1571 utinam!
1130 1538 1272 1586 saepe
1298 1520 1408 1569 illos
1431 1536 1607 1585 aspera
1630 1521 1769 1585 ponti

506 1604 793 1654 Interclusit
815 1604 1019 1667 hiemps,
1040 1610 1093 1651 et
1114 1604 1293 1651 terruit
1316 1598 1506 1649 Auster
1527 1601 1704 1650 euntis.

507 1683 794 1749 Praecipue,
814 1699 926 1732 cum
949 1684 1048 1731 iam
1072 1682 1154 1732 hic
1174 1681 1399 1731 trabibus
1418 1688 1677 1729 contextus
1705 1680 1895 1729 acernis

511 1764 678 1814 Staret
698 1779 871 1828 equu8‚
895 1770 998 1812 toto
1022 1770 1293 1811 sonuerunt
1316 1761 1515 1811 aethere
1535 1761 1701 1811 nimbi.

509 1844 741 1907 Suspensi
763 1843 1076 1908 Eurypylum
1101 1843 1358 1891 scitantem
1379 1841 1579 1890 oracula
1600 1839 1786 1889 Phoebi

509 1923 773 1984 Mittimus,
796 1923 935 1984 isque
956 1922 1123 1986 adytis
1143 1922 1264 1970 haec
1288 1921 1454 1970 tristia
1474 1921 1605 1969 dicta
1624 1928 1873 1984 reportat·

510 2005 541 2030 “
562 2002 809 2068 Sanguine
832 2001 1063 2066 placastis
1084 2009 1255 2049 ventos
1274 2009 1326 2049 et
1348 2002 1539 2065 virgine
1559 2015 1716 2056 caesa,

509 2082 637 2132 Cum
657 2084 871 2146 primum
892 2083 1087 2140 Iliacas,
1111 2082 1294 2143 Danai,
1316 2083 1521 2131 venistis
1541 2081 1605 2130 ad
1627 2096 1767 2138 orasg

512 2162 761 2226 Sanguine
784 2162 1051 2226 quaerendi
1074 2161 1276 2220 reditus,
1300 2163 1561 2225 animaque
1581 2161 1823 2210 litandum

511 2240 803 2305 Argolica.”
864 2241 1019 2305 Volgi
1042 2256 1171 2306 quae
1194 2257 1291 2290 vox
1313 2249 1370 2290 ut
1389 2242 1524 2290 venit
1544 2241 1608 2289 ad
1626 2242 1778 2296 auris».

512 2321 802 2387 Obstipuere
823 2322 990 2382 animi,
1011 2320 1300 2385 gelidusque
1319 2335 1410 2385 per
1431 2320 1532 2368 ima
1551 2322 1771 2369 cucurrit

511 2402 637 2452 Ossa
658 2412 858 2462 tremor,
876 2404 956 2450 cui
976 2401 1083 2450 fata
1102 2410 1293 2465 parent,
1313 2416 1460 2464 quem
1483 2409 1653 2464 poscat
1674 2398 1874 2462 Apollo.

513 2481 610 2531 Hic
630 2483 833 2532 Ithacus
852 2490 1016 2531 vatem
1036 2497 1219 2546 magno
1241 2479 1514 2529 Calchanta
1536 2487 1750 2529 tumultu

512 2562 766 2612 Protrahit
784 2563 837 2610 in
858 2561 1072 2624 medios3
1108 2576 1235 2625 quae
1260 2561 1361 2608 sint
1381 2574 1441 2608 ea
1462 2560 1668 2607 numina
1688 2559 1868 2618 divom,

510 2642 748 2707 Flagitat.
810 2642 880 2690 Et
899 2641 1022 2689 mihi
1043 2641 1139 2688 iam
1163 2638 1308 2687 multi
1330 2638 1526 2688 crudele
1547 2637 1788 2685 canebant

511 2723 738 2771 Artificis
758 2722 931 2782 sceluS,
953 2729 1005 2770 et
1028 2722 1168 2770 taciti
1189 2727 1398 2769 ventura
1418 2718 1662 2767 videbant.

511 2799 598 2848 Bis
619 2803 794 2865 quinos
816 2801 927 2850 silet
947 2801 1028 2849 ille
1050 2800 1170 2861 dies,
1198 2808 1457 2862 tectusque
1477 2804 1673 2846 recusat

512 2878 729 2927 Prodere
748 2894 865 2927 voce
887 2894 977 2928 sua
998 2893 1294 2943 quemquam
1317 2884 1406 2926 aut
1424 2893 1669 2941 opponere
1690 2875 1851 2924 morti.
