2100 3500
750 403 787 443 t,
802 402 1098 445 UGANUS.
1514 407 1602 463 267

792 582 1049 620 chxxlx.

531 686 707 741 C'ato's
741 688 954 742 Tribute
984 696 1033 743 to
1063 689 1307 760 Pompey.

237 847 244 855 .
275 806 295 856 ,’
310 776 469 915 ᾖῖΞέῙί)
487 806 583 858 ΟΝ
606 814 771 857 tamen
786 807 849 856 ad
872 807 1049 872 Magni
1063 807 1286 871 pervenit
1299 805 1489 870 gratius
1507 820 1609 854 um·

251 920 262 953 3,
272 920 284 954 2-
309 885 359 933 ὓ
378 887 464 955 f(
637 888 762 936 bras

278 990 287 998 ·
520 967 676 1017 Omne
697 968 829 1032 quod
853 969 905 1017 in
926 983 1131 1033 superos
1154 966 1305 1016 audet
1330 966 1552 1015 convicia

419 1049 615 1113 vulgus,

226 1130 616 1195 Pompeiumque
638 1129 743 1179 deis
764 1128 931 1186 obicit,
954 1143 1101 1191 quam
1126 1142 1284 1191 pauca
1305 1124 1508 1176 Catonis

222 1210 413 1274 Verba,
430 1210 515 1259 sed
539 1226 570 1259 a,
588 1210 732 1275 pleno
753 1210 1003 1258 venientia
1023 1216 1220 1273 pectore
1242 1208 1359 1256 veri.

221 1292 235 1317 ‘
253 1290 389 1340 Civis
405 1291 546 1353 obit,'
570 1292 748 1355 inquit,
768 1297 782 1320 ‘
801 1289 958 1338 multo
978 1290 1245 1337 maioribus
1265 1290 1426 1353 impar

221 1370 381 1419 Nosse
401 1371 604 1419 modum
627 1372 767 1432 iuris,
788 1372 873 1420 sed
894 1372 945 1419 in
965 1370 1057 1419 hoc
1080 1378 1244 1418 tamen
1265 1370 1403 1420 utilis
1426 1385 1566 1428 aevo,

221 1450 316 1501 Cui
335 1467 434 1500 non
455 1450 559 1500 ulla
576 1451 672 1500 fuit
692 1452 811 1501 iusti
829 1452 1130 1514 reverentia3
1168 1450 1304 1499 salva

220 1530 474 1582 Libertate
493 1540 684 1597 potenS,
707 1540 759 1581 et
779 1532 912 1581 solus
933 1531 1077 1596 plebe
1097 1539 1275 1595 parata

222 1612 455 1662 Privatus
480 1613 663 1661 servire
685 1612 794 1669 sibi,
818 1618 1076 1676 rectorque
1095 1619 1314 1668 senatus,

221 1693 317 1741 Sed
338 1694 613 1759 regnantis,
632 1700 752 1741 erat.
821 1692 907 1740 Nil
926 1692 1045 1740 belli
1066 1693 1175 1740 iure
1197 1693 1453 1757 poposcit:

218 1773 457 1839 Quaeque
478 1774 588 1822 dari
609 1774 782 1833 voluit,
800 1773 956 1822 voluit
977 1773 1074 1822 sibi
1095 1786 1238 1837 posse
1259 1775 1451 1837 negari.

218 1855 512 1904 Immodicas
532 1855 749 1919 possedit
765 1870 900 1918 opes,
921 1853 1005 1902 sed
1025 1853 1173 1918 plura
1192 1856 1397 1903 retentis

217 1936 397 1985 Intulit
421 1954 433 1985 ε
468 1936 649 1985 invasit
670 1936 875 1996 ferrum,
898 1933 982 1983 sed
1007 1950 1191 1998 ponere
1212 1945 1374 1984 norat.

216 2017 463 2067 Praetulit
482 2031 622 2065 arma
642 2024 788 2081 togae
809 2035 822 2066 ι
856 2016 942 2064 sed
961 2030 1133 2080 pacem
1154 2024 1376 2065 armatus
1398 2017 1595 2067 amavit.

215 2098 348 2147 Iuvit
370 2105 535 2147 sumta
554 2097 744 2158 ducem,
759 2096 884 2145 iuvit
905 2096 1106 2144 dimisse
1124 2103 1354 2160 potestas.
1615 2110 1620 2120 ·

214 2178 367 2226 Casta
402 2177 596 2238 domus,
631 2177 853 2240 luxuque
886 2191 1078 2236 carens,
1100 2185 1435 2241 corruptaque
1465 2192 1606 2225 num-

407 2272 558 2321 quam

215 2338 438 2387 Fortuna
453 2338 650 2385 domini.
719 2335 921 2386 Clarum
942 2343 993 2385 et
1014 2337 1290 2386 venerabile
1312 2353 1492 2387 nomen

218 2418 482 2479 Gentibus,
502 2425 554 2466 et
573 2417 780 2465 multum
803 2424 1001 2465 nostrae
1023 2417 1154 2480 quod
1176 2417 1411 2481 proderat
1432 2419 1561 2468 urbi.

220 2499 349 2548 Olim
372 2512 493 2546 vera
514 2496 654 2553 fides,
678 2495 816 2544 Sulla
837 2497 1100 2560 Marioque
1122 2499 1352 2562 receptis,

219 2578 489 2628 Libertatis
508 2577 646 2626 obit:
680 2577 914 2641 Pompeio
934 2578 1083 2626 rebus
1104 2578 1317 2636 ademto,

214 2660 357 2708 Nunc
376 2666 428 2707 et
448 2657 566 2706 ficte.
583 2658 729 2721 perit.
797 2657 911 2705 Non
931 2658 1028 2705 iam
1051 2673 1262 2722 regnare
1283 2658 1515 2722 pudebit=

213 2739 318 2788 Nec
337 2738 472 2787 color
492 2738 701 2801 imperii,
722 2752 812 2786 nec
833 2738 969 2786 frons
990 2739 1086 2786 erit
1107 2737 1211 2786 ulla
1230 2747 1445 2788 senatus.

213 2820 258 2870 O
279 2819 421 2877 felix,
445 2818 527 2866 cui
551 2833 743 2866 summa
765 2817 870 2866 dies
891 2818 988 2866 fuit
1007 2819 1152 2867 obvia
1171 2820 1318 2878 victo,
