2100 3500
506 436 600 490 2⁶4
789 426 1255 471 ΑΝΤΗοιοσιΑ
1306 427 1593 470 mamm.

511 522 622 570 Iam
645 526 812 586 posset
831 520 972 569 civile
996 520 1119 585 geri.
1187 519 1449 569 Pharsalia
1470 521 1598 569 tanti

503 600 694 650 Caussa
713 601 844 649 mali.
910 598 1103 650 Cedant
1120 600 1298 649 feralia
1315 602 1515 650 nomina
1530 599 1747 660 Cannae,

509 680 576 729 Et
596 680 830 729 damnata
847 680 934 728 diu
956 680 1194 730 Romanis
1214 680 1354 729 Allia
1370 680 1529 731 fastis.

510 759 758 824 Tempora
778 761 990 825 signavit
1008 760 1246 809 leviorum
1274 760 1434 810 Roma
1452 759 1691 809 malorum
1715 778 1728 808 ε

504 840 653 889 Hunc
673 840 828 890 voluit
846 840 1035 890 nescire
1054 841 1198 890 diem.
1264 840 1366 890 Pro
1384 841 1549 890 tristia
1566 840 1698 889 fata!

503 923 648 970 Aera
667 921 955 985 pestiferum
974 927 1153 979 tractui,
1175 921 1470 986 morbosque
1491 919 1715 976 fluentes,

508 1003 840 1064 Insanamque
861 1000 1059 1062 famem,
1081 1002 1443 1065 permissasque
1464 1000 1663 1065 ignibus
1679 999 1848 1056 urbes.

506 1076 805 1140 Moeniaque
827 1079 879 1125 in
900 1092 1133 1142 praeceps
1150 1077 1340 1127 laturos
1361 1076 1509 1142 plena
1526 1084 1763 1125 tremores

504 1157 576 1206 Hi
595 1165 796 1222 possent
815 1157 1015 1221 explere
1035 1159 1148 1215 viri,
1169 1173 1292 1221 quos
1311 1157 1528 1221 undique
1544 1157 1701 1206 traxit

502 1237 565 1286 In
584 1238 813 1286 miseram
833 1237 1057 1286 Fortuna
1076 1252 1262 1296 necem,
1283 1237 1401 1287 dum
1420 1252 1627 1285 munera
1647 1236 1780 1300 longi

502 1316 732 1382 Explicat
752 1318 965 1382 eripiens
980 1319 1104 1376 aevi,
1119 1317 1422 1383 populosque
1443 1317 1687 1380 ducesque

504 1395 774 1446 Constituit
797 1398 983 1461 campis
1003 1415 1016 1446 ε
1048 1412 1140 1462 per
1159 1412 1284 1461 quos
1305 1396 1417 1458 tibi,
1436 1396 1612 1452 Roma,
1632 1396 1794 1444 ruenti

507 1476 763 1534 Ostendat,
788 1492 937 1540 quam
954 1492 1138 1542 magna
1155 1476 1317 1526 cadas.
1383 1475 1497 1535 Quo
1515 1476 1664 1525 latius
1683 1476 1853 1524 orbem

504 1555 742 1613 Possedit,
768 1557 914 1605 citius
933 1571 1025 1620 per
1045 1570 1282 1621 prospera
1299 1555 1407 1605 fata
1424 1556 1656 1604 cucurrit.

503 1636 664 1703 Omne
682 1637 775 1685 tibi
796 1636 980 1685 bellum
1002 1643 1175 1701 gentes
1195 1635 1333 1685 dedit
1349 1635 1576 1685 omnibus
1596 1636 1758 1685 annis:

502 1715 577 1766 Te
595 1718 846 1782 geminum
869 1716 1021 1767 Titan
1040 1716 1303 1782 proaedere
1324 1714 1449 1765 vidit
1470 1717 1524 1765 in
1543 1730 1701 1766 axem.

507 1796 657 1847 Haud
681 1798 891 1847 multum
911 1806 1075 1849 terrae
1095 1799 1309 1862 spatium
1328 1797 1548 1847 restabat
1569 1798 1720 1859 ane,

509 1876 577 1926 Ut
596 1877 687 1926 tibi
706 1893 826 1940 nox,
842 1878 934 1926 tibi
953 1886 1062 1928 tota
1080 1878 1201 1938 dies,
1224 1877 1316 1926 tibi
1336 1884 1560 1926 curreret
1577 1875 1766 1934 aether,

499 1955 775 2021 Omniaque
795 1964 1017 2007 errantes
1038 1957 1210 2007 stellae
1231 1957 1454 2006 Romana
1471 1957 1705 2006 viderent.

506 2035 603 2085 Sed
624 2045 759 2088 retro
779 2045 866 2086 tua
887 2037 993 2087 fata
1012 2037 1144 2100 tulit,
1159 2053 1253 2103 par
1274 2038 1501 2088 omnibus
1520 2039 1664 2087 annis

505 2116 764 2166 Emathiae
783 2118 979 2167 funesta
998 2117 1119 2168 dies.
1193 2117 1305 2167 Hae
1323 2117 1432 2168 luee
1453 2124 1659 2167 cruenta

499 2196 760 2255 Effectum,
785 2206 842 2247 ut
860 2196 1032 2248 Latios
1055 2214 1154 2247 non
1172 2198 1372 2248 horreat
1389 2198 1537 2248 India
1555 2199 1726 2256 fasces,

504 2276 612 2327 Nec
633 2278 810 2326 vetitos
828 2293 997 2327 errare
1016 2277 1190 2330 Dahas
1209 2280 1261 2328 in
1277 2280 1471 2329 moenia
1489 2280 1656 2338 ducat,

504 2356 928 2421 Sarmaticumque
951 2366 1145 2423 premat
1166 2360 1440 2408 succinctus
1457 2358 1630 2408 consul
1649 2366 1877 2409 aratrum.

499 2437 645 2499 Quod
666 2453 859 2503 semper
880 2454 1050 2488 saevas
1070 2438 1216 2488 debet
1233 2439 1327 2489 tibi
1348 2438 1557 2489 Parthia
1574 2454 1776 2504 poenas,

497 2518 643 2578 Quod
661 2518 856 2583 fugiens
873 2517 1015 2567 civile
1033 2519 1191 2579 nefas,
1213 2519 1529 2583 redituraque
1549 2534 1818 2584 numquam

499 2597 747 2661 Libertas,
770 2598 903 2649 ultra
926 2597 1120 2663 Tigrim
1141 2598 1470 2662 Rhenumque
1489 2600 1775 2653 recessit.—

496 2681 614 2729 Ah!
649 2683 795 2730 toties
814 2680 957 2730 nobis
976 2680 1148 2745 iugulo
1169 2681 1413 2745 quaesita,
1435 2690 1663 2743 vagatur,

479 2759 798 2810 ‘Germanum
821 2758 1205 2824 Scythicumque
1216 2760 1416 2824 bonum,
1426 2777 1518 2811 nec
1530 2763 1738 2826 respicit
1755 2761 1878 2811 ultra

493 2839 803 2891 Ausoniam:
834 2839 1025 2898 vellem,
1046 2840 1240 2906 populis
1260 2841 1511 2907 incognita
1530 2842 1728 2904 nostris,
