2100 3500
691 498 816 542 οιΑ
835 498 1002 541 υοιΑ
1015 499 1173 541 MJS.
1521 515 1614 558 343

236 592 512 642 Palladium
533 592 792 641 resonabat
812 605 945 653 ager.
1011 592 1245 640 Pervenit
1266 590 1327 639 ad
1352 605 1499 639 aures

238 671 359 722 Vox
379 673 592 722 iucunda
611 673 731 721 deae
750 674 1057 737 strepituque
1076 674 1236 722 excita
1259 674 1458 734 resedit,
1512 679 1517 685 ‘

236 754 305 802 Et
326 753 571 816 reliquum
591 752 747 802 nitido
768 752 971 803 detersit
991 752 1164 817 pollice
1187 769 1426 803 somnum.

240 835 407 898 thue
430 834 525 882 fuit
546 834 747 882 turbat-a
766 849 947 894 comas,
970 834 1172 883 turbata
1190 835 1409 899 capillos,

240 910 477 963 Mollibus
497 916 725 976 exsurgit
745 914 932 974 stratis,
953 921 1002 963 et
1024 922 1245 978 permeat
1267 930 1410 963 omne

239 995 441 1056 Agmen
463 1002 514 1043 et
533 996 815 1042 innumeros
838 993 1159 1058 Hymenaeon
1183 995 1339 1058 poscit
1360 994 1586 1042 Amores,

306 1075 454 1123 Hunc
476 1075 624 1123 Musa
642 1075 863 1138 genitum
886 1074 1007 1136 legit
1029 1074 1297 1138 Cytherea,
1320 1073 1591 1136 ducemque

242 1155 487 1204 Praefecit
508 1153 754 1204 thalamis.
824 1153 1030 1203 Nullum
1051 1155 1275 1203 iunxisse
1295 1154 1454 1203 cubile

243 1237 352 1284 Hoc
374 1237 477 1284 sine
499 1250 589 1283 nec
612 1235 794 1298 primas
816 1235 891 1283 fas
913 1242 988 1282 est
1010 1234 1237 1284 attollere
1255 1234 1438 1284 taedas.

307 1315 619 1379 Conspicitur
633 1315 847 1365 tandem.
882 1315 1093 1364 Platane
1107 1330 1318 1378 namque
1328 1315 1408 1364 ille
1421 1315 1512 1363 sub
1523 1313 1621 1362 alta

244 1398 406 1445 Fusus
427 1394 708 1459 inaequales
729 1411 843 1444 cera
865 1394 1066 1444 texebat
1089 1410 1285 1456 avenas,

245 1476 612 1539 Maenaliosque
632 1475 805 1524 modus
819 1483 870 1524 et
889 1475 1160 1539 pastoralia
1181 1475 1336 1524 labris

244 1557 505 1605 Murmura
524 1556 798 1620 temptabat
818 1554 1042 1617 relegens
1062 1556 1258 1619 orisque
1281 1571 1482 1604 recursu

243 1635 541 1685 Dissimilem
563 1637 700 1684 tenui
723 1635 946 1683 variabat
969 1634 1247 1684 harundine
1269 1643 1485 1684 ventum.

245 1718 462 1777 Restitit,
483 1723 541 1765 ut
562 1716 683 1765 vidit
706 1713 971 1777 Venerem,
994 1715 1259 1781 digitisque
1281 1717 1498 1765 remissis

247 1800 331 1847 Ad
353 1808 536 1847 terram
559 1798 709 1846 tacito
730 1796 939 1845 defluxit
961 1797 1130 1845 fistula
1151 1796 1308 1861 lapsu.

1358 1876 1405 1911 v.
1438 1866 1564 1909 1-40.

815 1994 1068 2031 cevaln.

570 2084 681 2135 The
711 2082 866 2153 Rape
892 2084 965 2152 qs
978 2084 1312 2153 Proserpina

249 2158 625 2402 ffiPSA
648 2205 846 2254 domum
868 2213 1039 2254 tenero
1061 2205 1280 2255 mulcens
1303 2207 1598 2271 Proserpina

260 2306 278 2340 ς
650 2294 802 2335 cantu

257 2394 269 2399 -
522 2366 673 2415 Irrita
696 2366 896 2416 texebat
916 2366 1166 2415 rediturae
1189 2382 1395 2415 munera
1418 2368 1583 2417 matri.

248 2442 344 2493 Hic
366 2447 715 2495 elementorum
740 2448 912 2495 seriem
937 2446 1172 2510 sedesque
1196 2455 1428 2511 paternas

245 2525 525 2588 Insignibat
545 2543 635 2575 acu
653 2547 667 2575 ε
703 2534 914 2576 veterem
937 2542 1037 2591 qua
1058 2527 1167 2589 lege
1189 2527 1456 2575 tumultum

247 2604 491 2655 Discrevit
512 2606 708 2655 Natura
727 2622 906 2671 patens
926 2615 975 2655 et
998 2607 1186 2655 semina
1205 2607 1350 2655 iustis

250 2686 528 2735 Discessere
552 2687 682 2735 locis.
752 2686 1004 2751 Quidquid
1038 2687 1164 2747 leve,
1187 2686 1347 2734 fertur
1369 2687 1421 2735 iu
1445 2688 1599 2737 altum
1621 2708 1629 2736 =

251 2768 307 2816 In
326 2767 540 2815 medium
562 2768 793 2831 graviora
814 2767 1031 2829 cadunt3
1069 2766 1325 2814 incanduit
1346 2768 1516 2816 aether
1536 2788 1548 2815 ι

251 2846 392 2910 ngit
419 2848 616 2896 flamma
636 2847 821 2911 polum,
845 2847 1027 2897 fluxuit
1052 2861 1202 2903 mare,
1228 2854 1362 2898 terra
1393 2848 1637 2911 pependit*
