2100 3500
489 459 576 503 192
763 443 1228 487 ANTHOLOGIA
1262 444 1565 488 zamma,

485 536 619 584 Saxa
638 536 960 601 triumphales
982 537 1178 601 fregere
1197 536 1458 602 Capherea
1481 550 1690 602 puppes,

545 616 594 663 N
596 616 804 679 aufraga
822 631 934 665 cum
956 626 1098 666 vasto
1119 616 1332 667 Graecia
1354 623 1513 667 tracta
1533 618 1639 668 salo
1659 624 1751 670 est.

482 695 742 745 Paullatim
765 697 946 745 socium
970 698 1208 746 iacturam
1231 693 1366 747 flevit
1386 697 1581 760 Ulixen,

547 776 606 824 In
627 791 761 824 mare
782 777 863 825 cui
877 777 1009 826 soliti
1029 791 1129 826 non
1151 778 1346 826 valuere
1366 777 1478 827 doli.

481 850 622 911 Quod
649 853 691 900 si
710 858 968 901 contentus
988 854 1153 917 patrio
1177 853 1298 901 bove
1320 860 1532 903 verteret
1555 868 1727 918 agros,

550 928 813 992 Verbaque
835 927 1061 977 duxisset
1078 928 1269 993 pondus
1290 928 1471 977 habere
1492 944 1619 986 mea,

482 1002 687 1052 Viveret
707 1011 821 1052 ante
840 1019 953 1052 suos
975 1003 1133 1053 dulcis
1150 1005 1360 1053 conviva
1380 999 1628 1066 Penates

545 1079 757 1143 Pauper,
773 1088 826 1127 at
847 1081 899 1127 in
919 1086 1071 1142 terra,
1091 1080 1162 1127 nil
1184 1080 1269 1129 ubi
1290 1080 1408 1129 flere
1429 1088 1602 1144 potest.

481 1154 593 1203 Non
614 1155 729 1203 tulit
749 1154 829 1203 hie
852 1154 1036 1203 Paetus
1059 1156 1319 1205 stridorem
1341 1155 1513 1204 audire
1541 1155 1803 1221 procellae,

542 1236 608 1284 Et
629 1236 755 1285 duro
777 1244 971 1285 teneras
991 1235 1187 1284 laedere
1209 1233 1325 1285 fune
1347 1252 1540 1297 manus,

478 1316 575 1365 Sed
597 1317 736 1381 thyio
757 1316 973 1365 thalamo
994 1324 1083 1364 aut
1107 1316 1274 1366 Oricia
1293 1317 1594 1371 terebintho,

540 1397 777 1445 Effultum
798 1398 967 1462 pluma
986 1398 1275 1447 versicolore
1296 1405 1459 1462 caput.

477 1477 607 1525 Huic
627 1476 805 1525 fluctus
825 1478 936 1525 vivo
955 1478 1191 1527 radicitus
1214 1478 1417 1528 abstulit
1435 1491 1643 1541 ungueS,

539 1559 607 1607 Et
625 1560 774 1606 miser
795 1559 999 1626 invisam
1022 1560 1180 1608 traxit
1201 1559 1368 1608 hiatus
1389 1573 1565 1621 aquam
1586 1578 1600 1622 3

477 1640 621 1688 Hunc
642 1655 794 1703 parvo
815 1639 936 1688 ferri
956 1640 1078 1687 vidit
1098 1655 1200 1689 nox
1222 1640 1444 1705 improba
1463 1640 1624 1705 ligno3

538 1719 720 1769 Paetus
742 1728 798 1768 ut
821 1719 1080 1782 occideret,
1104 1726 1178 1769 tot
1199 1720 1358 1770 coiere
1382 1719 1526 1770 mala.

476 1799 619 1848 Flens
642 1809 805 1849 tamen
824 1801 1058 1849 extremis
1079 1800 1216 1849 dedit
1227 1801 1348 1849 haec
1368 1800 1601 1849 mandata
1622 1799 1871 1864 querellis,

535 1881 662 1930 Cum
683 1881 975 1930 moribunda
996 1883 1136 1946 niger
1155 1881 1407 1931 clauderet
1427 1896 1516 1930 ora
1535 1881 1727 1945 liquorz

470 1968 485 1992 ⁴
511 1960 577 2010 Di
598 1962 746 2011 maris
766 1962 956 2026 Aegaei
972 1977 1095 2026 quos
1116 1970 1232 2010 sunt
1251 1977 1400 2027 penes
1422 1976 1654 2025 aequora,
1675 1962 1854 2021 Venti.

534 2041 600 2090 Et
622 2057 956 2106 quaecumque
976 2058 1141 2090 meum
1163 2042 1401 2107 degravat
1424 2041 1554 2090 unda
1574 2051 1744 2106 caput,

476 2120 587 2181 Quo
611 2123 786 2186 rapitis
806 2123 1009 2170 miseros
1030 2123 1221 2186 primae
1243 2112 1490 2186 lanuginis
1511 2136 1665 2171 annos
1682 2123 1708 2170 ἰ’

532 2197 810 2246 Attulimus
828 2197 1000 2262 longas
1023 2198 1076 2245 in
1098 2197 1229 2246 freta
1251 2205 1414 2246 vestra
1434 2213 1623 2247 manus,

468 2279 554 2328 Ah
576 2280 726 2326 miser
747 2277 1008 2343 alcyonum
1031 2279 1242 2342 scopulis
1263 2274 1471 2343 adfligar
1490 2278 1647 2327 acutis
1666 2297 1681 2342 3

531 2360 591 2409 In
614 2375 691 2409 me
711 2359 935 2409 caeruleo
958 2358 1153 2407 fuscina
1175 2366 1370 2422 sumpta
1390 2359 1481 2407 deo
1502 2366 1592 2407 est.

470 2442 541 2489 At
562 2440 732 2491 saltem
755 2439 928 2488 Italiae
950 2438 1237 2503 regionibus
1257 2437 1467 2487 advehat
1491 2442 1694 2499 aestus3

530 2521 638 2570 Hoc
659 2521 719 2569 de
739 2536 817 2569 me
837 2527 914 2568 sat
934 2520 1032 2568 erit
1054 2520 1095 2567 si
1120 2518 1260 2568 modo
1279 2521 1452 2567 matris
1472 2520 1606 2567 erit.'

467 2600 727 2651 Subtrahit
742 2601 863 2650 haec
883 2601 1066 2648 fantem
1089 2607 1222 2648 torta
1241 2600 1482 2665 vertigine
1500 2598 1680 2648 fluctus
1697 2620 1711 2663 3

530 2680 723 2729 Ultima
743 2697 869 2744 quae
891 2680 1047 2730 Paeto
1071 2694 1264 2744 voxque
1284 2679 1488 2742 diesque
1510 2678 1619 2727 fuit.

466 2759 512 2807 Ο
532 2767 730 2807 centum
753 2774 1025 2824 aequoreae
1047 2758 1212 2807 Nereo
1233 2759 1456 2824 genitore
1476 2757 1686 2821 puellae,

530 2836 596 2885 Et
616 2845 671 2885 tu
691 2847 911 2887 materno
931 2846 1064 2887 tacta
1091 2837 1259 2887 dolore
1281 2836 1473 2895 Thetis,
