2100 3500
659 521 1062 567 HARTIALIS.
1448 545 1539 595 307

725 775 985 814 ccxxxnl.

667 876 749 930 On
773 878 1045 934 Formiae.

215 1170 220 1176 '
304 1144 339 1198 .-
434 1176 503 1225 Et
520 1178 764 1240 inquietas
786 1179 945 1227 fessus
966 1180 1108 1227 exuit
1126 1193 1288 1240 curas,

286 1260 592 1324 Apollinaris
615 1259 840 1308 omnibus
861 1260 983 1309 locis
1007 1261 1236 1324 praefert.
1301 1299 1307 1306 .

288 1339 406 1388 Non
422 1338 504 1387 ille
526 1346 720 1407 sanctae
742 1339 882 1388 dulce
905 1338 1064 1388 Tibur
1082 1341 1270 1401 uxoris,

289 1417 397 1467 Nec
418 1417 721 1467 Tusculanos
741 1418 1011 1483 Algidosve
1033 1433 1268 1484 seeessuS‚

290 1497 558 1547 Praeneste
578 1513 667 1546 nec
684 1498 756 1547 sic
775 1499 1085 1562 Antiumque
1105 1500 1331 1549 miratur.

288 1577 404 1627 Non
424 1576 606 1625 blanda
625 1575 766 1626 Circe
786 1577 1095 1627 Dardanisve
1115 1576 1289 1626 Caieta

289 1656 669 1713 Desiderantur,
689 1671 781 1705 nec
800 1656 994 1705 Marica
1013 1671 1105 1706 nec
1123 1655 1275 1718 Liris,

292 1736 401 1786 Nec
420 1737 474 1785 in
491 1734 709 1786 Lucrina
727 1734 830 1786 lota
853 1735 1091 1786 Salmacis
1113 1752 1253 1785 vena.

292 1817 392 1867 Hic
411 1831 604 1867 summa
623 1815 722 1865 leni
743 1819 1007 1882 stringitur
1028 1816 1204 1866 Thetis
1225 1824 1402 1882 vent03

287 1897 395 1947 Nec
414 1896 618 1962 languet
638 1910 840 1960 aequor,
858 1898 972 1945 viva
993 1896 1080 1945 sed
1102 1897 1242 1961 quies
1264 1899 1401 1960 ponti

287 1976 478 2026 Pictam
498 1975 733 2040 phaselon
752 1974 1014 2024 adiuvante
1034 1974 1134 2025 fert
1155 1991 1293 2036 aura,

294 2055 433 2106 Sicut
452 2054 641 2119 puellae
661 2069 760 2103 non
780 2056 993 2104 amantis
1015 2063 1253 2105 aestatem
1294 2059 1300 2067 ‘

290 2135 433 2184 Mota
450 2134 646 2184 salubre
665 2150 887 2198 purpura
906 2136 1041 2183 venit
1062 2135 1241 2200 frigus.

291 2209 398 2260 Nec
416 2217 526 2259 seta
543 2209 693 2275 longo
713 2212 910 2274 quaerit
929 2212 981 2259 in
1007 2212 1134 2259 mari
1154 2210 1406 2275 praedam,

290 2289 389 2339 Sed
408 2306 436 2339 e
455 2289 645 2338 cubiclo
663 2288 937 2353 lectuloque
960 2290 1192 2338 iactatam

293 2369 551 2434 Spectatus
574 2369 670 2418 alte
688 2369 868 2417 lineam
890 2369 1045 2419 trahit
1068 2370 1224 2432 piscis.

292 2450 346 2498 Si
368 2449 563 2513 quando
584 2448 776 2497 Nereus
796 2450 946 2497 sentit
968 2448 1116 2496 Aeoli
1134 2463 1358 2511 regnum,

295 2528 444 2578 Ridet
463 2528 702 2593 procellas
724 2534 835 2576 tuta
854 2527 915 2576 de
937 2543 1026 2576 suo
1046 2542 1230 2575 mensa.

290 2609 488 2657 Piscina
505 2607 765 2656 rhombum
785 2608 944 2671 pascit
963 2617 1015 2656 et
1035 2606 1177 2670 lupos
1199 2622 1390 2659 vernae.

292 2687 450 2738 Natat
467 2686 532 2736 ad
551 2688 842 2752 magistrum
862 2685 1070 2735 delicata
1089 2701 1324 2734 muraena
1341 2704 1356 2749 3

293 2763 678 2812 Nomenculator
693 2763 927 2828 mugilem
948 2763 1070 2810 citat
1090 2769 1261 2810 notum

292 2844 361 2894 Et
381 2844 549 2893 adesse
568 2843 690 2891 iussi
709 2842 955 2907 prodeunt
976 2856 1116 2889 senes
1138 2840 1292 2889 mulli.

293 2924 416 2973 Frui
436 2924 523 2973 sed
543 2924 653 2972 istis
673 2922 886 2988 quando,
910 2923 1086 2979 Roma,
1108 2922 1354 2985 permittis
1375 2920 1400 2969 t
