2100 3500
810 454 1163 499 LUCANUS.
1595 466 1689 517 ²5³

297 548 407 597 Vix
424 546 650 609 nuribus,
669 561 879 611 rapuere
899 564 1060 598 mares
1077 569 1090 599 z
1125 548 1334 597 fecunda
1350 547 1570 596 virorum

297 630 575 693 Paupertas
595 628 789 692 fugitur
808 647 822 692 3
858 636 1064 692 totoque
1085 629 1356 677 accersitur
1374 627 1510 681 orbe.

298 709 412 768 Quo
425 722 549 773 gens
564 722 789 771 quaeque
800 709 947 772 perit.
1013 707 1145 757 Tum
1158 708 1331 771 longos
1351 708 1556 771 iungere
1568 704 1691 754 fine·

299 789 575 853 Agrorum,
595 795 647 835 et
669 788 916 851 quondam
938 788 1064 837 duro
1085 788 1274 837 sulcata
1293 786 1488 836 Camilli

301 868 535 929 Vomem,
554 874 606 915 et
626 867 856 932 antiquos
878 866 1143 917 Curiorum
1166 882 1311 931 passa
1329 867 1518 931 ligones

299 946 476 1011 Longa
497 946 590 995 sub
607 947 791 1012 ignotis
809 947 1082 996 extendere
1104 963 1224 995 rura
1242 947 1437 995 colonis.

302 1026 415 1074 Nou
434 1026 545 1076 erat
564 1026 607 1075 is
627 1026 857 1091 populus,
877 1041 1021 1091 quem
1043 1042 1148 1092 pax
1166 1025 1435 1089 tranquilla
1459 1025 1665 1080 iuvaret,

302 1104 463 1164 Quem
485 1121 576 1155 sua
595 1105 799 1156 libertas
818 1107 1035 1156 immotis
1057 1114 1283 1171 pasceret
1305 1106 1473 1155 armis.

302 1186 425 1234 Inde
447 1186 552 1235 irae
575 1187 773 1250 faciles3
808 1195 876 1249 et,
898 1186 1030 1251 quod
1054 1186 1289 1236 suasisset
1302 1193 1521 1250 egestas.

305 1268 421 1317 Vile
437 1269 605 1333 nefas3
626 1285 959 1334 magnumque
976 1270 1142 1330 decus,
1161 1269 1390 1333 ferroque
1406 1266 1688 1331 petendum,

307 1351 423 1399 Plus
442 1350 606 1415 patria
623 1351 844 1413 potuisse
861 1364 981 1414 sua3
1015 1364 1343 1412 mensuraque
1363 1349 1488 1397 iuris
1745 1334 1754 1342 ⁵

306 1430 401 1479 Vis
420 1435 531 1478 erat
550 1447 564 1478 ε
596 1429 714 1478 hinc
734 1428 869 1493 leges
888 1436 940 1478 et
959 1428 1118 1493 plebis
1136 1430 1260 1480 scita
1278 1435 1493 1488 coactae,

304 1510 372 1558 Et
390 1524 505 1559 cum
525 1509 808 1558 consulibus
831 1510 1086 1559 turbontes
1108 1511 1218 1558 iura
1239 1508 1425 1558 tribuni
1439 1527 1455 1557 ε

307 1589 438 1637 Hinc
455 1589 587 1653 rapti
608 1588 765 1638 fasces
786 1590 965 1653 pretio,
988 1589 1245 1653 sectorque
1266 1589 1452 1637 favoris

304 1669 420 1734 Ipse
442 1669 521 1718 sui
539 1668 781 1733 populus3
814 1668 1075 1733 letalisque
1095 1669 1310 1718 ambitus
1329 1667 1462 1729 urbi,

310 1750 495 1799 Annua
515 1749 675 1799 venali
695 1745 913 1799 referens
933 1749 1208 1801 certamina
1227 1748 1416 1814 Campo
1428 1769 1443 1800 ε

308 1829 441 1879 Hinc
459 1845 613 1879 usura
631 1844 805 1890 vorax,
825 1831 1123 1894 avidumque
1144 1830 1197 1879 in
1217 1837 1441 1893 tempora
1457 1828 1614 1877 fenus.

307 1909 375 1959 Et
395 1925 633 1959 concussa
652 1909 792 1972 fides,
812 1917 866 1959 et
886 1909 1059 1959 multis
1077 1908 1198 1959 utile
1218 1908 1416 1958 bellum.

1317 2005 1363 2038 v.
1387 1993 1608 2038 121-182.

875 2086 1130 2122 cmxxvm.

665 2183 868 2237 Caesar
889 2190 947 2236 at
970 2183 1054 2235 the
1082 2182 1332 2236 Rubicon.

597 2371 925 2515 Ingesstffissl’e
947 2452 1112 2500 animo
1126 2458 1308 2508 motus,
1318 2450 1598 2513 bellumque
1618 2449 1694 2499 fu·

312 2538 771 2676 Cepemgurgtlven
777 2619 880 2658 tum
894 2617 972 2661 est
989 2610 1134 2675 parvi
1155 2609 1422 2658 Rubiconis
1439 2608 1505 2658 ad
1526 2608 1699 2676 undas,

315 2691 501 2757 Ingens
530 2691 636 2739 visa
655 2690 768 2739 duci
789 2690 990 2739 Patriae
1009 2689 1303 2755 trepidantis
1324 2690 1489 2754 imago

313 2771 465 2821 Clara
481 2785 573 2835 per
590 2770 851 2819 obscuram
870 2769 1012 2819 vultu
1032 2770 1360 2819 maestissima
1377 2775 1587 2832 noctem,

316 2852 584 2916 Turrigero
603 2865 751 2899 canos
772 2850 1027 2899 effundens
1045 2850 1229 2899 vertice
1247 2852 1425 2911 crines,
