2100 3500
533 427 565 472 ⁴
826 412 1113 457 ΑΝΤΗοι
1126 413 1288 457 eeu
1334 415 1418 457 LA
1433 416 1616 458 ΤΙΝΑ.

533 503 697 552 Huius
718 503 907 555 scelesti
927 505 1136 568 technis,
1158 507 1245 570 qui
1265 522 1361 568 me,
1382 514 1440 558 ut
1458 507 1669 559 lubitum
1687 516 1784 569 est,
1794 507 1904 562 duo·

719 586 844 634 tavit
863 585 1003 635 dolis.

534 662 634 713 Sed
655 663 782 724 vide,
803 656 872 712 ais
892 665 906 712 Ε

594 746 687 793 Ar.
722 742 857 802 Quin
877 744 1188 809 exploratum
1211 744 1321 794 dieo
1339 751 1393 794 et
1411 746 1660 808 provisum
1680 745 1773 795 hoc
1793 745 1907 796 tibi.

598 826 688 872 He.
720 823 959 873 Certon'?
1051 840 1054 843 ·

593 905 684 954 Ar.
718 902 853 962 Quin
865 904 1007 967 nihil,
1021 906 1241 968 inquam,
1252 904 1469 954 invenies
1484 906 1645 970 magis
1660 906 1752 955 hoe
1770 914 1912 956 oerto

716 985 913 1033 certius.

531 1059 833 1111 Philocrates
869 1064 966 1111 iam
1007 1062 1122 1112 inde
1163 1078 1319 1128 usque
1337 1064 1540 1114 -amious
1572 1064 1671 1115 fuit
1709 1063 1833 1114 mihi
1876 1080 1911 1114 a

718 1157 873 1206 puero
893 1157 1036 1205 puer.

593 1225 682 1272 He.
722 1222 818 1272 Sed
840 1238 939 1288 qua
961 1225 1084 1272 facie
1104 1230 1179 1273 est
1199 1230 1312 1273 tuos
1333 1223 1513 1272 sodalis
1534 1222 1841 1273 Philocrates
1858 1225 1886 1273 ἲ

593 1306 684 1352 Ar.
1585 1304 1763 1354 Dicam
1784 1305 1908 1354 tibi:

531 1382 793 1431 Macilento
803 1399 903 1442 ore,
911 1399 1029 1432 naso
1041 1391 1204 1444 acuto,
1212 1399 1416 1448 corpore
1428 1383 1554 1446 albe,
1566 1384 1717 1434 oculis
1729 1386 1909 1450 nigris,

531 1462 773 1511 Subrufus
795 1462 1124 1527 aliquantum,
1146 1464 1356 1528 crispus,
1375 1464 1697 1512 cincinnatus„

593 1544 684 1590 He.
1645 1543 1907 1593 Convenit.

597 1623 680 1683 Ty.
719 1619 790 1670 Ut
810 1621 1005 1684 quidem
1025 1620 1188 1671 hercle
1211 1622 1263 1670 in
1284 1620 1499 1670 medium
1518 1637 1611 1686 ego
1630 1622 1775 1671 hodie
1795 1638 1906 1688 pes-

720 1715 855 1749 sume
877 1703 1212 1767 processerim.

535 1780 638 1831 Vae
665 1782 762 1832 illis
790 1783 942 1848 virgis
970 1784 1181 1845 miseriS,
1204 1798 1330 1847 quae
1356 1782 1501 1832 hodie
1523 1784 1575 1832 in
1595 1790 1736 1849 tergo
1755 1783 1904 1832 mori-

718 1869 865 1910 entur
886 1864 1023 1911 meo!

594 1944 679 1990 He.
715 1940 888 1990 Verba
909 1943 1029 1991 mihi
1052 1942 1169 1991 data
1191 1957 1298 1991 esse
1321 1942 1476 1991 video.

597 2025 680 2084 Ty.
1234 2021 1365 2081 Quid
1386 2022 1607 2083 cessatis,
1629 2020 1904 2085 compedes,

528 2102 742 2153 Currere
763 2100 828 2150 ad
846 2117 924 2150 me
949 2117 1154 2166 meaque
1168 2101 1404 2165 amplecti
1424 2117 1589 2163 crura,
1612 2109 1668 2149 ut
1689 2117 1774 2150 vos
1794 2117 1904 2150 cus·

717 2182 901 2231 todiam
916 2183 939 2230 ἲ

593 2266 681 2313 He.
717 2262 874 2311 Satiu’
895 2262 1007 2312 med
1028 2262 1102 2311 illi
1133 2261 1278 2310 hodie
1305 2260 1492 2310 scelesti
1516 2262 1648 2326 capti
1668 2267 1908 2326 ceperunt

718 2343 830 2392 dolo
846 2342 869 2392 ἲ

530 2423 636 2472 Illic
648 2438 837 2471 servom
850 2438 902 2470 se
917 2420 1259 2479 adsimulabat,
1272 2420 1352 2469 hie
1365 2435 1470 2468 sese
1483 2425 1648 2467 autem
1662 2418 1875 2467 liberum
1888 2436 1905 2483 3

530 2503 578 2551 N
581 2503 805 2552 uculeum
827 2502 999 2566 amisi3
1034 2501 1235 2562 reliquit
1254 2501 1450 2565 pigneri
1469 2499 1749 2564 putamina:

529 2584 608 2633 Ita
629 2585 698 2632 mi
712 2582 888 2633 stolido
910 2597 1104 2631 sursum
1124 2597 1322 2630 vorsum
1342 2596 1397 2629 os
1422 2579 1675 2629 sublevere
1697 2578 1902 2628 offuciis.

531 2663 627 2714 1110
647 2663 841 2728 quidem
864 2678 941 2711 me
960 2677 1213 2726 nunquam
1225 2661 1462 2711 irridebit.
1523 2658 1758 2725 colapho,
1776 2658 1901 2710 Cor-

719 2742 867 2803 dano,
889 2741 1073 2802 Corax3

530 2823 606 2874 Ite
627 2821 770 2870 istinc
791 2830 939 2885 atque
955 2821 1125 2871 efferte
1144 2821 1272 2870 lora!
1851 2885 1856 2888 Α

594 2906 678 2951 Lo.
1200 2901 1333 2949 Num
1356 2901 1594 2966 lignatum
1614 2898 1899 2948 mittimur?
