2100 3500
436 427 526 473 130
720 408 1186 453 ANTHOLOGIA
1237 409 1524 451 LATJNA.

558 503 720 566 Atqui
743 502 928 552 sciebat
948 517 1079 567 quae
1101 501 1199 552 sibi
1217 501 1459 551 barbarus

556 582 740 631 Tortor
759 588 993 647 pararet3
1025 598 1126 631 non
1146 581 1291 631 aliter
1312 588 1477 632 tamen

677 662 900 712 Dimovit
917 662 1170 711 obstantes
1192 663 1493 727 propinquos

807 743 877 792 Et
896 742 1137 808 populum
1159 741 1351 792 reditus
1369 747 1663 800 morantem,

563 862 727 921 Quam
748 863 793 911 si
807 862 1043 911 clientum
1065 861 1216 927 longa
1237 862 1437 927 negotia

566 944 850 1006 Diiudieata
869 944 957 993 lite
978 943 1300 1008 relinqueret,

680 1023 911 1073 Tendens
931 1023 1248 1073 Venafranos
1271 1024 1322 1073 in
1342 1038 1488 1089 agros

817 1102 927 1151 Aut
950 1102 1386 1152 Lacedaemonium
1406 1101 1694 1153 Tarentum.

1542 1200 1590 1233 v.
1618 1186 1784 1233 41-56.

1050 1273 1203 1309 cx111.

835 1376 914 1431 To
939 1378 1178 1431 Aristius
1204 1378 1424 1431 Fuscus.

493 1472 1022 1717 QNTEGER
1038 1496 1169 1545 vitae
1193 1494 1485 1560 scelerisque
1509 1508 1670 1560 purus

766 1576 884 1625 Non
905 1583 1020 1641 eget
1041 1574 1237 1624 Mauris
1260 1576 1430 1625 iaculis
1449 1590 1610 1639 neque
1633 1590 1754 1624 aren

763 1655 869 1705 Nee
892 1656 1145 1706 venenatis
1168 1654 1375 1721 gravida
1396 1655 1611 1721 sagittiS,

871 1736 1052 1798 Fusce,
1072 1736 1331 1802 pharetra,

624 1852 738 1901 Sive
756 1867 847 1916 per
870 1850 1034 1916 Syrtis
1055 1851 1152 1899 iter
1169 1857 1419 1900 aestuosas

620 1931 734 1980 Sive
750 1931 973 1979 facturus
997 1945 1088 1994 per
1109 1929 1455 1995 inhospitalem

618 2011 895 2062 Caucasum
916 2010 994 2058 vel
1011 2025 1141 2074 quae
1165 2010 1273 2058 loca
1293 2008 1543 2058 fabulosus

755 2091 958 2140 Lambit
978 2089 1259 2155 Hydaspes.

626 2203 853 2266 Namque
878 2217 957 2250 me
979 2201 1105 2250 silva
1123 2201 1271 2266 lupus
1292 2201 1344 2250 in
1365 2200 1569 2262 Sabina,

618 2283 752 2331 Dum
775 2297 934 2329 meam
955 2288 1101 2330 cauto
1121 2279 1343 2346 Lalagen
1362 2289 1414 2330 et
1437 2281 1567 2329 ultra

618 2362 908 2411 'ferminum
931 2364 1065 2410 euris
1087 2377 1241 2427 vagor
1261 2361 1523 2427 expeditis,

750 2442 907 2508 Fugit
931 2441 1169 2490 inermem
1191 2459 1204 2492 ε

621 2555 783 2616 Quale
804 2561 1089 2620 portentum
1111 2570 1272 2620 neque
1289 2554 1519 2603 militaris

622 2636 850 2685 Daunias
871 2634 990 2685 latis
1009 2633 1101 2684 alit
1121 2634 1399 2695 aesculetis,

622 2717 728 2765 Nee
749 2715 905 2766 Iubae
927 2716 1074 2765 tellus
1095 2723 1317 2780 generat,
1336 2716 1532 2764 leonum

753 2796 920 2847 Arida
940 2797 1132 2847 nutrix.
