2100 3500
788 421 1097 466 ormws,
1530 438 1618 488 237

247 509 510 560 Sueoessor
529 512 627 561 fuit
647 513 727 561 hic
748 513 857 575 tibi,
879 513 1021 564 Galle
1037 535 1052 565 z
1099 510 1388 581 Prepertius
1403 516 1475 566 illi
1494 533 1510 567 x

311 590 531 650 Quartus
552 593 616 642 ab
639 592 717 641 his
738 595 864 642 serie
890 596 1119 659 temporis
1141 597 1246 660 ipse
1268 596 1355 647 fui.

248 669 417 735 thue
436 687 529 737 ego
551 674 777 730 maiores,
799 674 869 723 sic
890 689 968 723 me
989 673 1183 724 uoluere
1204 675 1434 742 minoreS‚

311 750 541 815 Notaque
562 766 660 799 non
680 752 822 801 tarde
844 752 975 801 facta
996 753 1177 802 Thalia
1197 769 1307 804 mea
1326 765 1417 805 est.

246 830 482 880 Carmina
501 835 847 898 cumprimum
866 831 1046 896 populo
1068 833 1299 882 iuvenilia
1319 834 1434 899 legi,

309 909 476 959 Barba
495 919 682 959 resecta
702 911 822 959 mihi
841 911 976 960 bisve
998 911 1205 961 semelve
1225 912 1336 962 fuit.

251 990 476 1040 Moverat
500 993 746 1055 ingenium
771 999 924 1040 totam
946 999 1145 1040 cantata
1165 1008 1254 1056 per
1268 992 1462 1043 ,Urbem

312 1070 523 1118 Nomine
543 1086 643 1119 non
663 1085 778 1119 vero
799 1071 929 1120 dicta
948 1070 1167 1120 Corinna
1188 1072 1323 1121 mihi.

250 1150 413 1198 Multa
434 1150 629 1214 quidem
656 1152 838 1215 scripsi.
908 1150 1004 1199 Sed
1026 1166 1153 1214 quae
1173 1153 1347 1202 vitiosa
1365 1155 1556 1219 putavi,

312 1229 655 1278 Emendaturis
678 1231 872 1294 ignibus
894 1231 998 1295 ipse
1019 1230 1147 1280 dedi.

248 1307 389 1358 Tune
420 1324 630 1373 quoque,
662 1326 773 1358 cum
805 1310 1043 1375 fugerem,
1071 1311 1312 1375 quaedam
1343 1312 1589 1377 placitura

437 1392 666 1451 cremavi,

311 1470 481 1519 Iratus
503 1470 664 1519 studio
684 1470 1078 1534 carminibusque
1099 1472 1234 1520 meis.

249 1548 401 1598 Molle
420 1548 705 1613 Cupidineis
725 1566 815 1599 nee
836 1550 1216 1614 inexpugnabile
1241 1551 1351 1599 telis

311 1628 413 1679 Cor
432 1629 573 1691 mihi,
593 1629 819 1693 quodque
840 1629 961 1677 levis
983 1644 1132 1678 causa
1154 1638 1386 1688 moveret,
1407 1640 1533 1681 erat.

246 1710 373 1761 Cum
395 1718 561 1758 tamen
581 1707 660 1758 hic
676 1724 849 1764 essem,
868 1710 1165 1772 minimoque
1183 1709 1472 1759 accenderer
1493 1712 1624 1778 igne²

311 1789 523 1839 Nomine
541 1789 633 1838 sub
652 1798 819 1838 nostro
839 1789 1007 1837 fabula
1027 1788 1164 1837 nulla
1185 1789 1294 1837 fuit.

247 1871 413 1920 Paene
434 1869 557 1918 mihi
579 1885 731 1934 puero
751 1886 840 1919 nee
861 1871 1011 1934 digna
1030 1885 1121 1918 nec
1140 1870 1276 1918 utilis
1292 1885 1422 1918 uxor

312 1951 405 2000 Est
425 1950 559 2007 data,
581 1965 708 2013 quae
728 1957 921 2014 tempus
944 1965 1031 2013 per
1051 1949 1199 1998 breve
1221 1957 1371 2012 nupta
1398 1949 1509 2000 fuit.

246 2031 328 2079 Illi
349 2031 599 2092 suecessit,
619 2032 838 2094 quamvis
859 2032 964 2079 sine
984 2030 1188 2078 crimine
1207 2031 1435 2090 coniunx,

310 2111 428 2160 Non
446 2117 611 2160 tamen
632 2112 683 2158 in
704 2117 870 2159 nostro
892 2110 1035 2158 firma
1057 2110 1225 2157 futura
1248 2121 1371 2158 toro.

247 2189 456 2250 Ultima,
480 2206 612 2252 quae
626 2205 814 2238 mecum
836 2205 968 2239 seros
988 2190 1258 2253 permansit
1277 2193 1330 2236 in
1350 2204 1524 2253 annon,

311 2270 559 2322 Sustinuit
580 2271 793 2319 coniunx
812 2271 973 2319 exulis
995 2284 1103 2319 esse
1123 2270 1229 2319 viri.

247 2350 377 2400 Filia
396 2366 475 2399 me
495 2365 605 2398 mea
624 2350 700 2399 bis
722 2352 883 2415 prima
905 2349 1115 2397 fecunda
1136 2350 1350 2410 iuventa,

312 2430 411 2479 Sed
431 2445 529 2478 non
554 2445 618 2478 ex
638 2445 737 2478 uno
759 2431 985 2493 coniuge,
1008 2428 1125 2476 fecit
1144 2443 1302 2475 avum.

248 2512 313 2560 Et
334 2511 432 2559 iam
454 2509 719 2573 complerat
740 2510 934 2573 genitor
956 2523 1046 2557 sua
1068 2508 1188 2568 fata,
1208 2521 1481 2570 novemque

311 2590 590 2640 Addiderat
611 2589 782 2638 lustris
804 2588 962 2637 altera
984 2589 1142 2636 lustra
1161 2601 1349 2634 novem.

258 2669 361 2721 Non
383 2670 528 2719 aliter
549 2668 676 2726 flevi,
698 2684 843 2733 quam
868 2684 945 2716 me
965 2666 1172 2715 fleturus
1193 2664 1441 2716 ademtam

311 2751 402 2799 Ille
428 2750 539 2800 fuit.
609 2747 765 2798 Matri
785 2748 1013 2817 proxima
1035 2748 1168 2795 iusta
1187 2745 1291 2796 tuli.
