2100 3500
765 433 1174 477 MARTJAMS.
1564 446 1654 494 ²90

281 523 418 573 Haec
438 531 647 586 utraque
670 537 816 570 mauu
836 521 1189 586 complexuque
1205 537 1369 570 assere
1388 527 1493 570 toto
1511 541 1525 571 ε

344 603 499 668 Saepe
520 602 673 652 fluent
692 604 790 650 imo
812 603 883 650 sic
902 617 1098 666 quoque
1118 602 1255 665 lapsa
1275 603 1399 651 sinu.

281 681 394 731 Non
415 690 507 739 est,
530 681 673 730 crede
693 681 831 743 mihi,
852 682 1088 747 sapientis
1109 680 1269 730 dicere
1290 687 1303 708 ⁴
1316 680 1526 729 Vivam:
1545 682 1560 708 ⁹

344 762 467 812 Sera
488 762 633 811 nimis
655 762 758 811 vita
775 769 852 810 est
872 762 1120 812 crastinae
1154 761 1263 809 vive
1285 759 1443 809 hodie.

1506 855 1587 889 xv.

918 934 1032 972 CCV.

822 1029 1094 1087 Scaevola.

287 1117 456 1153 ³2²4?

458 1130 513 1164 [Α
525 1135 603 1186 UI
617 1153 747 1186 nunc
760 1136 1027 1186 Caesareae
1038 1137 1175 1186 lusus
1193 1143 1442 1201 spectatur
1454 1135 1686 1199 harenae,

327 1165 452 1309 ξ’ἓα
607 1217 929 1282 Temporibus
950 1217 1097 1267 Bruti
1116 1217 1275 1282 gloria
1293 1232 1482 1267 summa
1501 1217 1610 1266 fuit.

291 1279 512 1348 ’,ἰὴ-ἴθι
558 1297 773 1360 Aspicis,
801 1304 859 1346 ut
892 1303 1060 1346 teneat
1091 1297 1311 1347 flammas
1348 1312 1602 1362 poenaque

468 1376 664 1425 fruatur

340 1455 506 1505 Fortis
524 1463 575 1506 et
595 1457 803 1506 attonito
821 1464 997 1522 regnet
1017 1458 1070 1506 in
1089 1458 1203 1522 igne
1224 1460 1427 1506 manus!

279 1534 392 1598 Ipse
414 1536 493 1584 sui
514 1542 762 1600 spectator
781 1536 939 1598 adest,
958 1544 1008 1586 et
1036 1536 1199 1586 nobile
1220 1537 1425 1586 dextrae

342 1614 512 1665 Funus
533 1622 694 1666 amata
727 1616 845 1666 totis
865 1618 1085 1681 pascitur
1105 1617 1190 1666 illa
1210 1619 1376 1667 sacris.

278 1692 421 1753 Quod
437 1697 533 1745 nisi
552 1704 696 1761 rapta
711 1695 841 1746 foret
859 1696 1044 1745 nolenti
1064 1712 1238 1763 poena,
1256 1698 1464 1763 parabat

344 1774 545 1826 Saevior
561 1779 615 1826 in
634 1777 786 1826 lassos
808 1778 880 1826 ire
902 1779 1105 1826 sinistra
1127 1778 1276 1829 focos.

282 1854 414 1907 Scire
435 1861 573 1923 piget
592 1866 703 1924 post
722 1858 819 1907 tale
841 1858 1007 1917 decus,
1028 1859 1148 1922 quid
1171 1859 1342 1909 fecerit
1362 1867 1506 1910 antee

343 1936 504 1997 Quam
524 1938 645 2000 vidi,
668 1939 787 1988 satis
806 1946 883 1987 est
902 1939 1029 1988 hauc
1048 1937 1173 1988 mihi
1193 1954 1336 1988 nosse
1357 1955 1568 1989 manum.

1195 2021 1296 2068 Lib.
1317 2033 1431 2068 vm.
1456 2034 1577 2068 xxx.

903 2152 1039 2191 ccvr.

807 2250 889 2303 On
917 2250 1129 2305 Porcia.

361 2336 831 2435 ’ῖῶςὲΟΝΙΠΘΙΒ
863 2362 1079 2413 audisset
1110 2364 1265 2421 fatum
1298 2380 1407 2414 cum
1443 2365 1616 2414 Porcia

308 2380 346 2476 X?
366 2407 528 2492 (ἔξέἢ
622 2428 631 2437 ’
692 2438 836 2488 Bruti

303 2483 341 2509 ὖ
382 2476 471 2526 ΨΜ
515 2530 519 2533 ,
983 2521 993 2533 .
1035 2522 1046 2533 .

303 2508 405 2562 16)»
430 2488 521 2559 *δῖ
599 2517 665 2566 Et
686 2518 936 2568 subtracta
955 2521 1051 2570 s1b1
1067 2530 1325 2585 quaereret
1345 2539 1483 2571 arma
1498 2523 1655 2584 dolor,

283 2601 300 2626 ⁸
323 2595 556 2646 Nondum
578 2599 747 2660 scitis,’
762 2601 852 2661 ait,
871 2600 888 2627 ‘
909 2611 1118 2650 mortem
1138 2617 1236 2652 non
1255 2619 1399 2668 posse
1420 2606 1622 2669 negari?

343 2674 679 2736 credideram,
697 2679 812 2728 fatis
834 2679 926 2729 hoc
948 2680 1169 2731 docuisse
1189 2686 1411 2746 patrem)

287 2753 425 2804 Dixit
444 2764 495 2805 et
517 2756 747 2806 ardentes
768 2759 909 2807 avido
929 2759 1054 2808 bibit
1073 2776 1158 2809 ore
1179 2762 1391 2810 favillas:
1420 2790 1424 2796 -

345 2833 371 2884 1
393 2851 523 2886 nunc
541 2843 594 2886 et
612 2836 816 2897 ferrum,
838 2838 984 2887 turba
1003 2840 1222 2902 molesta,
1243 2857 1370 2902 nega

1303 2927 1397 2971 Lib.
1427 2938 1456 2971 ι.
1480 2924 1588 2974 xlii.
