2100 3500
430 408 525 455 250
713 391 1174 436 ANTHOLOGIA
1216 393 1502 437 harlNA.

425 486 485 535 Iu
508 485 701 535 turbam
724 487 860 536 missi
882 486 1057 537 feralia
1076 486 1276 536 foedera
1296 488 1451 549 regni.

422 566 469 615 Ο
491 565 619 614 male
635 565 897 616 oonoorde's
918 567 1165 631 nimiaque
1180 567 1410 633 cupidine
1430 568 1580 629 moi,

425 644 556 704 Quid
578 646 779 694 miseere
800 646 936 694 iuvat
956 648 1102 702 vires,
1118 633 1384 712 orbemque
1403 655 1571 697 tenere

425 726 485 774 ln
506 725 664 773 medio
680 725 704 773 ?
737 726 872 773 Dum
894 735 1034 775 terra
1045 726 1245 787 fretum,
1268 735 1549 791 terramque
1569 726 1753 776 levabit

426 805 549 866 Aer,
567 814 618 853 et
637 804 772 869 longi
793 805 987 854 volvent
1006 806 1190 854 Titana
1210 805 1422 867 labores,
1648 871 1651 874 Ι

426 879 639 949 Noxq'ue
660 883 790 933 diem
809 884 947 934 caelo
969 884 1173 934 totidem
1193 900 1283 949 per
1304 887 1445 949 signa
1466 893 1719 949 sequetur,

426 964 576 1014 Nulla
594 965 720 1013 fides
738 966 881 1030 regni
901 966 1066 1026 sociis,
1084 967 1341 1029 omnisque
1363 973 1580 1030 potestas

427 1038 694 1108 Impatiens
714 1045 952 1093 consortis
973 1046 1089 1095 erit.
1153 1045 1259 1095 Neo
1280 1046 1510 1111 gentibus
1532 1044 1645 1093 ullis

426 1124 638 1187 Credite,
657 1140 747 1173 neo
761 1123 907 1189 longe
928 1124 1141 1173 fatorum
1161 1125 1387 1190 exempla
1408 1133 1641 1190 petantur

429 1202 663 1252 Fraterno
688 1204 829 1267 primi
850 1203 1144 1252 maduerunt
1165 1204 1404 1269 sanguine
1425 1204 1569 1254 muri.

426 1283 529 1331 Nee
548 1283 758 1348 pretium
780 1284 904 1332 tanti
926 1283 1071 1332 tellus
1093 1291 1366 1348 pontusque
1387 1283 1568 1332 furoris

424 1362 565 1410 Tune
583 1371 718 1412 eretz
752 1364 987 1427 exig-uum
1006 1362 1228 1411 dominos
1248 1363 1490 1411 commisit
1510 1362 1720 1427 asylum.

487 1441 743 1506 Temporis
765 1443 963 1505 angusti
981 1444 1163 1491 mansit
1182 1442 1440 1491 concordia
1459 1441 1642 1491 discors
1661 1463 1676 1506 3

426 1522 629 1587 Paxque
651 1523 747 1570 fuit
770 1539 863 1569 non
887 1530 1060 1588 sponte
1081 1521 1273 1571 ducum.
1342 1522 1470 1570 Nam
1493 1521 1597 1571 sola
1615 1522 1769 1570 futuri

423 1601 632 1651 Crassus
650 1612 758 1650 erat
778 1602 891 1650 belli
906 1601 1097 1650 medius
1116 1617 1266 1650 mora.
1333 1602 1574 1662 Qualiter,
1597 1601 1752 1650 undas

428 1680 527 1740 Qui
550 1692 683 1730 secat
702 1692 752 1730 et
774 1684 1023 1746 geminum
1046 1683 1246 1746 graculis
1268 1696 1405 1730 mare
1427 1689 1625 1746 separat
1646 1680 1771 1729 Isth·

617 1774 722 1812 mu!

426 1842 530 1892 Nee
551 1845 738 1907 patitur
757 1842 979 1893 conferre
1001 1843 1215 1909 fretum3
1250 1845 1293 1892 si
1316 1848 1450 1891 terra
1469 1842 1678 1903 recedat,

425 1923 620 1972 Ionium
643 1924 845 1988 Aegaeo
870 1923 1064 1988 franget
1084 1912 1248 1973 maret
1285 1921 1373 1982 sie,
1396 1922 1496 1983 ubi,
1520 1936 1666 1971 saeva
1812 1980 1817 1985 ‚

424 2004 586 2052 Arma
604 2003 781 2052 ducum
803 2003 1055 2065 dirimens,
1074 2000 1350 2052 miserando
1371 2002 1542 2050 funere
1563 2001 1772 2052 Crassus

430 2084 664 2147 Assyrias
684 2082 828 2132 Latio
848 2080 1112 2132 maculavit
1133 2083 1372 2147 sanguine
1394 2078 1593 2143 Carras,

430 2163 659 2213 Parthica
680 2162 925 2212 Romanos
948 2156 1196 2211 solverunt
1217 2163 1396 2210 damna
1414 2161 1623 2211 furores.

426 2244 546 2293 Plus
568 2243 653 2293 illa
673 2242 810 2292 vobis
831 2244 947 2294 acie.
971 2254 1119 2306 quam
1139 2240 1351 2298 creditis,
1372 2251 1533 2290 actum
1555 2249 1648 2304 est,

430 2323 725 2372 Arsacidae:
761 2323 940 2371 bellum
962 2323 1102 2371 victis
1124 2321 1266 2370 ’civile
1288 2321 1504 2369 dedistis.

428 2403 678 2451 Dividitur
701 2402 830 2451 ferro
854 2416 1059 2467 regnum
1080 2421 1091 2449 ε
1128 2400 1389 2465 populique
1409 2399 1639 2464 potentis,

428 2484 568 2544 Quae
589 2500 740 2545 mare,
760 2499 886 2549 quae
904 2493 1080 2543 terraS,
1105 2498 1231 2548 quae
1252 2489 1408 2532 totum
1429 2482 1645 2530 eontinet
1664 2490 1744 2528 ur-

618 2563 747 2624 bem,

428 2641 542 2690 Non
564 2644 695 2706 cepit
716 2643 914 2692 fortuna
933 2641 1071 2691 duos.
1137 2640 1266 2690 Nam
1287 2643 1496 2705 pignora
1516 2638 1672 2688 iuncti

430 2722 694 2785 Sanguinis
714 2711 765 2772 et
786 2724 893 2772 diro
913 2724 1092 2773 ferales
1110 2723 1271 2770 omine
1291 2720 1460 2771 taedas

433 2800 657 2850 Abstulit
675 2802 738 2849 ad
762 2817 946 2862 manes,
964 2802 1254 2865 Parcarum,
1274 2800 1418 2861 Iulia,
1439 2810 1586 2850 saeva
