2100 3500
552 394 644 444 272
837 399 926 435 ,m
944 393 1029 435 '1⁹11
1042 392 1302 437 υιοσιᾼ
1352 394 1643 438 LATJNA.

553 489 794 554 Prodigus
813 496 864 537 et
883 495 1012 538 totos
1032 487 1214 537 Melior
1235 487 1526 537 succendere
1546 503 1738 549 censue,

546 568 785 619 Desertae
809 584 989 617 exosus
1008 584 1159 633 opes3
1195 568 1281 617 sed
1300 584 1398 617 non
1420 570 1554 633 capit
1573 570 1703 633 ignis

546 647 770 709 Invidus,
793 656 943 711 atque
963 655 1131 697 arctae
1150 648 1329 698 desunt
1346 650 1399 696 in
1419 664 1624 697 munera
1644 648 1877 697 flammae.

546 728 738 777 Horror
758 729 910 777 habet
929 743 1113 778 sensus.
1181 728 1391 787 Qualem
1412 736 1461 777 te
1482 729 1654 778 funere
1677 744 1861 777 summo

544 807 716 871 Atque
735 822 911 871 rogum
932 807 1094 868 iuxta,
1115 805 1296 863 Melior
1315 806 1642 871 placidissime
1663 807 1914 871 quondam.

543 888 798 937 Extimui!
835 894 951 936 tune
971 886 1055 937 ille
1077 887 1247 936 hilaris
1268 888 1515 950 comisque
1536 886 1734 936 videri?

544 970 690 1031 Unde
710 972 862 1019 animi
883 985 1153 1034 saevaeque
1176 985 1370 1031 manus,
1389 978 1440 1019 et
1459 970 1701 1019 barbarus
1719 969 1919 1019 horror?

544 1050 624 1098 Tu
645 1050 787 1098 modo
808 1051 948 1099 fusus
969 1050 1107 1100 humi
1125 1050 1285 1099 lucem
1305 1051 1546 1099 aversaris
1566 1051 1786 1115 iniquam
1803 1070 1818 1116 3

544 1130 691 1179 Nunc
712 1139 881 1179 torvus
902 1132 1091 1195 pariter
1111 1138 1270 1179 vestes
1289 1137 1341 1179 et
1361 1137 1560 1195 pectora
1580 1132 1785 1195 rumpis

542 1211 858 1274 Dilectosque
878 1211 1062 1275 premis
1083 1211 1233 1269 visus,
1256 1218 1307 1260 et
1327 1210 1509 1275 frigida
1528 1210 1704 1260 lambis

544 1291 739 1340 Oscula.
805 1290 965 1341 Erant
985 1292 1084 1340 illic
1104 1292 1299 1356 genitor
1321 1301 1575 1354 materque
1595 1292 1798 1339 iacentis

544 1370 769 1438 Maesta3
802 1372 886 1421 sed
908 1372 1106 1421 attoniti
1126 1378 1176 1420 te
1199 1378 1476 1435 spectavere
1500 1378 1741 1435 parentes.

1560 1467 1605 1500 v.
1638 1456 1859 1501 hie-165.

745 1549 775 1578 ἢ
969 1549 997 1582 ᾖ
1191 1549 1222 1577 ἃ
1419 1551 1447 1577 0
1642 1553 1667 1578 ο

606 1611 738 1671 Quid
758 1612 879 1661 mihi
900 1612 1136 1677 gaudenti
1156 1612 1318 1675 proles
1338 1612 1566 1676 Cyllenia
1585 1614 1729 1677 virga

544 1692 795 1742 Nuntiat?
861 1693 1014 1741 Estne
1047 1691 1235 1758 aliquid
1270 1699 1371 1741 tam
1403 1708 1549 1742 saevo
1581 1694 1633 1741 in
1667 1702 1876 1759 tempore

730 1772 915 1822 laetum
933 1773 956 1821 ἶ)

541 1855 557 1882 ‘
582 1853 801 1902 Noverat
821 1854 1029 1917 effigiem
1052 1854 1376 1918 generosique
1398 1853 1553 1902 ardua
1569 1853 1731 1903 Blaesi

542 1934 646 1983 Ora
665 1948 806 1997 puer,
830 1933 946 1981 dum
970 1948 1117 1998 saepe
1138 1934 1273 1983 domi
1293 1949 1420 1982 nova
1440 1942 1571 1983 serta
1591 1934 1823 2000 ligantem

541 2013 616 2061 Te
635 2013 769 2061 videt
789 2019 841 2061 et
863 2012 1045 2062 similes
1066 2021 1342 2078 tergentem
1365 2022 1561 2078 pectore
1581 2030 1739 2064 curas.

541 2094 689 2142 Hunc
711 2094 798 2142 ubi
817 2092 1024 2142 Lethaei
1043 2093 1336 2143 lustrantem
1359 2095 1571 2158 gurgitis
1591 2110 1705 2143 oras

540 2174 790 2222 Ausonios
812 2174 941 2222 inter
962 2189 1190 2238 proceres
1213 2175 1484 2236 seriemque
1508 2173 1704 2233 Quirini

539 2254 774 2318 Agnovit,
796 2253 965 2302 timide
983 2255 1198 2317 primum
1221 2255 1433 2318 vestigia
1452 2255 1614 2319 iungit

539 2335 757 2383 Accessu
778 2335 930 2382 tacito
952 2349 1266 2398 summosque
1286 2334 1487 2383 lacessit¹
1501 2335 1729 2393 amictuS,
1814 2382 1821 2387 ,

537 2414 659 2462 Inde
679 2414 839 2478 magis
861 2415 1118 2479 sequitur3
1154 2430 1313 2478 neque
1341 2415 1474 2463 enim
1498 2415 1660 2480 magis
1691 2415 1770 2463 ille
1789 2423 1872 2463 trar

727 2494 927 2542 hentem

537 2574 737 2638 Spernit
756 2582 807 2623 et
826 2574 1000 2638 ignota
1020 2573 1179 2623 credit
1198 2573 1260 2622 de
1283 2574 1434 2638 stirpe
1455 2580 1704 2638 nepotum.

537 2653 663 2702 Mox
682 2654 768 2702 ubi
787 2653 987 2703 delicias
1007 2660 1061 2703 et
1080 2653 1184 2703 rari
1205 2654 1384 2719 pignus
1406 2654 1553 2702 amici
1719 2653 1724 2659 ’

536 2731 702 2782 Sensit
721 2744 773 2782 et
791 2733 961 2782 amissi
974 2748 1183 2798 puerum
1206 2733 1383 2785 solatia
1402 2732 1583 2792 Blaesi,

535 2811 687 2861 Tollit
708 2812 857 2863 humo
874 2827 1151 2878 magnaque
1170 2812 1297 2877 ligat
1315 2813 1502 2862 cervice
1523 2812 1707 2877 diuque
