2100 3500
652 397 691 438 ι
706 397 1073 442 Ucnzrws,
1489 417 1549 465 37

127 487 310 549 Quod
333 488 448 538 sitis
469 496 650 538 exuret
667 491 871 540 miseros
891 500 1040 556 atque
1060 492 1201 541 aride
1220 498 1398 555 torres,

128 568 264 616 Aut
294 566 428 615 eliae
449 568 592 616 cuius
613 567 908 617 desiderium
931 570 1140 620 insideat
1161 571 1249 619 rei.

128 645 260 695 Nec
285 647 388 695 sibi
408 648 542 695 enim
562 648 823 713 quisquam
842 659 949 697 tum
969 665 1022 699 se
1046 651 1296 715 vitamque
1316 651 1547 714 requirit,

132 726 287 776 Cum
308 726 503 791 pariter
523 741 660 776 mens
680 735 732 776 ot
750 743 928 793 corpus
949 731 1110 793 sopita
1132 732 1407 794 quiescunt.

136 806 296 855 Nam
318 806 439 855 licet
458 814 711 856 aeternum
734 823 824 872 per
844 824 933 859 nos
956 811 1026 858 sic
1047 825 1154 858 esse
1176 825 1417 875 soporem,

138 885 266 935 Nec
292 885 595 935 desiderium
615 890 773 937 nostri
794 903 886 937 nos
905 889 1073 938 adficit
1087 889 1260 938 ullum.

141 965 219 1014 Et.
241 973 418 1015 tamen
441 965 824 1033 haudquaquam
845 978 1039 1018 nostros
1063 979 1179 1019 tunc
1200 971 1286 1019 ille.
1306 986 1395 1036 per
1414 979 1554 1021 artus

152 1044 350 1110 Longe
373 1045 438 1094 ab
459 1047 705 1096 sensiferis
724 1049 992 1111 primordia
1011 1051 1229 1100 motibus
1249 1059 1439 1112 errant,

142 1125 294 1174 Cum
314 1135 571 1190 correptus
590 1127 737 1177 homo
757 1142 823 1176 ex
845 1143 1015 1178 somno
1036 1145 1090 1179 se
1112 1131 1302 1195 colligit
1323 1133 1444 1195 ipse.

146 1205 335 1254 Multo
349 1206 505 1270 igitur
516 1215 722 1256 mortem
738 1209 900 1257 minus
912 1209 976 1258 ad
991 1225 1082 1258 nos
1096 1225 1202 1259 esse
1216 1212 1555 1287 putandumst,

151 1285 215 1334 Si
239 1287 411 1334 minus
430 1301 535 1334 esse
553 1294 716 1351 potest
733 1304 881 1352 quam
904 1289 1036 1353 quod
1057 1289 1128 1338 nil
1147 1306 1251 1338 esse
1272 1290 1523 1353 videmu83

151 1365 338 1414 Maior
361 1367 494 1413 enim
516 1365 690 1416 turbae
712 1367 945 1417 disiectus
968 1371 1196 1419 materiai

154 1443 503 1509 Consequitur
523 1445 622 1494 leto
642 1461 733 1495 nec
754 1447 1016 1510 quisquam
1036 1450 1324 1515 expergitus
1344 1458 1525 1507 exstat,

156 1524 386 1590 Frigida
406 1538 551 1587 quem
572 1525 721 1583 semel
743 1534 819 1575 est
839 1528 958 1575 vitai
973 1542 1129 1592 pausa
1150 1537 1332 1579 secuta.

229 1605 467 1669 Denique
488 1607 531 1653 si
551 1620 717 1654 vocem
736 1621 903 1654 rerum
924 1615 1103 1655 natura
1124 1617 1325 1673 repente

163 1686 352 1735 Mittat
368 1692 421 1733 et
436 1684 530 1734 hoc
549 1685 697 1733 alicui
716 1693 938 1735 nostrum
960 1688 1030 1735 sic
1050 1688 1269 1754 increpet
1289 1689 1397 1753 ipsa

159 1768 176 1792 ‘
198 1765 343 1826 Quid
357 1764 450 1814 tibi
462 1773 599 1813 tanto
611 1773 822 1829 operest,
837 1767 1074 1829 mortaliS,
1088 1769 1219 1833 quod
1233 1770 1377 1819 nimis
1396 1771 1556 1832 aegris

163 1843 415 1893 Luctibus
431 1843 654 1908 indulges
668 1845 693 1893 i’
724 1845 844 1909 quid
865 1854 1072 1895 mortem
1092 1848 1340 1912 congemis
1353 1863 1410 1897 ac
1430 1847 1554 1896 fles?

162 1926 307 1974 Nam
328 1925 486 1989 gratis
505 1932 731 1975 anteacta
750 1925 848 1974 fuit
868 1926 960 1975 tibi
979 1927 1084 1976 vite.
1102 1929 1351 1991 priorque,

164 2005 239 2054 Et
263 2020 364 2052 non
384 2004 549 2052 omnia
568 2012 823 2068 pertusum
845 2013 1081 2070 congesta
1102 2008 1244 2069 qussi
1265 2008 1315 2055 in
1340 2022 1425 2055 vas

162 2082 444 2135 Commoda
462 2083 738 2148 perfluxere
758 2092 907 2148 atque
927 2085 1125 2149 ingrata
1145 2086 1407 2136 interiere:

167 2162 284 2213 Cur
303 2178 403 2212 non
422 2170 481 2211 ut
499 2162 676 2228 plenus
697 2164 828 2212 vitae
849 2165 1054 2214 conviva
1073 2165 1262 2214 recedis

166 2245 358 2307 Aequo
378 2243 638 2307 animoque
657 2243 792 2306 capis
813 2258 1050 2299 securam,
1074 2244 1240 2305 stulte,
1261 2244 1471 2307 quietem
1490 2244 1515 2292 i’

170 2320 267 2371 Sin
286 2336 349 2370 es
368 2336 496 2384 quac
516 2321 708 2370 fructus
728 2337 937 2385 cumque
957 2338 1010 2372 es
1029 2313 1220 2387 periere
1242 2327 1445 2388 profuse.

169 2402 399 2466 Vimque
418 2402 470 2449 in
491 2400 743 2463 offensust,
762 2418 852 2451 cur
871 2403 1082 2467 amplius
1102 2404 1283 2452 addere
1307 2404 1523 2466 quaeriS,

172 2481 395 2530 Rursum
409 2480 540 2544 quod
552 2490 726 2545 pereat
735 2483 860 2530 mele
874 2490 925 2532 et
935 2484 1184 2547 ingratum
1199 2483 1387 2531 occidat
1398 2498 1559 2544 omne,

173 2560 291 2610 Non
309 2561 475 2626 potius
493 2561 623 2609 vitae
643 2560 791 2608 finem
814 2561 934 2610 facis
954 2570 1103 2625 atque
1122 2562 1303 2610 laboris
1318 2562 1343 2610 ἲ

177 2640 306 2689 Nam
326 2639 420 2689 tibi
440 2647 698 2703 praeterea
717 2639 849 2703 quod
868 2641 1120 2690 machiner
1143 2642 1504 2706 inveniamque,

176 2718 324 2780 Quod
343 2718 557 2783 placeat,
578 2717 650 2766 nil
670 2726 774 2769 θεῖε
807 2720 977 2768 eudem
1001 2727 1116 2769 sunt
1137 2721 1300 2769 omnis
1320 2736 1526 2787 semper.

180 2798 237 2851 Si
257 2799 350 2851 tibi
370 2814 473 2849 non
493 2798 636 2847 annis
651 2813 827 2863 corpus
845 2800 943 2849 ism
965 2806 1153 2849 marcet
1174 2810 1225 2849 et
1245 2809 1384 2852 artus
