2100 3500
282 434 297 449 ι
344 399 406 445 ,³⁰
641 384 1104 428 ΑΝφποιοσιΑ
1159 385 1440 426 zamma.

344 474 438 524 Sed
461 475 530 524 nil
551 475 740 527 dulcius
761 484 856 540 est,
877 477 1003 526 bene
1023 493 1175 543 quam
1195 481 1390 528 munita
1401 488 1573 529 tenere

343 554 490 605 mita
508 556 730 606 doctrina
741 558 1025 622 sapientum
1047 558 1234 623 temple
1255 572 1443 619 serena,

340 635 604 699 Despicere
625 637 757 687 unde
779 653 935 702 queas
952 637 1078 688 alios
1090 640 1377 703 passimque
1399 638 1567 686 videre

341 712 523 763 Errare
544 722 696 778 atque
718 715 851 764 viam
868 715 1089 780 palantis
1112 732 1353 780 quaerere
1371 717 1521 773 vitae,

340 791 544 843 Certare
565 795 783 859 ingenie,
802 795 1099 845 contendere
1118 796 1394 857 nwilitate,

341 872 524 923 Noctes
539 881 690 938 angue
711 874 816 924 dies
837 875 929 924 niti
954 883 1237 940 praestante
1256 876 1427 925 labore

341 952 425 1002 Ad
447 969 662 1003 summas
681 970 934 1019 emergere
954 970 1073 1019 opes
1094 970 1359 1020 rerumque
1371 955 1551 1021 potiri.

239 1053 243 1056 ’
340 1033 384 1082 Ο
406 1034 610 1082 miseras
633 1034 884 1083 bominum
906 1043 1113 1097 mentes,
1135 1051 1165 1084 o
1187 1045 1387 1100 pectora
1405 1036 1578 1085 caeca!

340 1112 581 1172 Qualibus
602 1115 653 1162 in
674 1113 891 1163 tenebris
908 1115 1043 1163 witae
1066 1117 1362 1180 quantisque
1379 1115 1576 1180 periclis

340 1193 552 1258 Degitur
572 1194 663 1242 hoc
684 1195 793 1243 aevi
814 1195 1227 1260 quodcumquest!
1262 1212 1424 1245 nonne
1444 1196 1608 1244 videre

339 1271 388 1320 N
390 1272 424 1320 il
445 1273 578 1322 aliud
601 1274 694 1323 sibi
718 1282 947 1323 naturam
970 1275 1174 1336 latrare,
1194 1277 1290 1324 nisi
1312 1284 1388 1338 ut,
1407 1277 1525 1341 quoi

339 1351 557 1416 Corpore
575 1354 826 1403 seiunctus
848 1353 987 1403 dolor
1007 1354 1155 1415 absit,
1177 1363 1340 1404 mente
1360 1356 1557 1404 fruatur

340 1429 559 1480 Iucundo
579 1446 727 1480 sensu
746 1447 867 1480 cura
889 1433 1095 1480 semotu’
1111 1441 1350 1497 metuque
1364 1434 1387 1480 ?

339 1509 474 1575 Ergo
492 1526 777 1575 corpoream
798 1511 862 1560 ad
882 1519 1111 1560 naturam
1127 1527 1287 1575 pauca
1306 1513 1527 1563 videmus

337 1590 462 1638 Esse
481 1605 604 1654 opus
626 1592 842 1651 omnino,
860 1606 990 1655 quae
1012 1591 1213 1641 demant
1231 1607 1441 1656 ciimqne
1463 1592 1689 1654 dolorem,

340 1670 553 1720 Delicias
575 1687 772 1736 quoque
793 1671 867 1721 uti
888 1671 1070 1720 multas
1092 1671 1406 1720 substernere
1418 1674 1627 1736 possint.

340 1752 547 1801 Gratius
568 1753 814 1803 interdum
837 1768 997 1816 neque
1020 1759 1200 1801 natura
1222 1754 1326 1816 ipsa
1349 1754 1577 1816 requirit,

341 1832 513 1881 Sinon
531 1848 682 1882 aurea
702 1834 1069 1881 suutiuvenum
1092 1833 1355 1880 simulacra
1375 1848 1465 1897 per
1488 1832 1630 1880 aedes

339 1912 616 1976 Lampadas
639 1913 874 1977 igniferas
897 1911 1122 1960 manibus
1144 1914 1407 1962 retinentia
1428 1912 1633 1972 dextris,

340 1991 552 2040 Lumina
575 1992 827 2051 nocturnis
849 1991 1010 2055 epulis
1032 1998 1091 2039 ut
1114 1990 1505 2055 suppeditentur,

341 2071 446 2121 Nec
465 2071 640 2120 domus
662 2078 868 2136 argento
885 2071 1046 2135 fulget
1068 2085 1288 2134 auroque
1308 2072 1501 2121 renidet

342 2150 447 2199 Nec
468 2150 687 2199 citharae
708 2149 915 2198 reboant
936 2148 1170 2213 laqueata
1189 2158 1462 2213 aurataque
1483 2157 1627 2200 tecta.

340 2228 467 2279 Cum
488 2238 652 2277 tamen
673 2230 804 2277 inter
825 2244 876 2277 se
898 2230 1134 2293 prostrati
1158 2230 1208 2277 in
1231 2231 1454 2294 gramine
1476 2229 1610 2278 molli

340 2308 552 2373 Propter
571 2324 731 2372 aquae
751 2309 912 2357 rivum
935 2308 1029 2357 sub
1049 2310 1203 2357 ramis
1224 2309 1413 2358 arboris
1433 2310 1562 2359 altae

341 2389 456 2438 Non
477 2391 673 2454 magnis
694 2389 870 2455 opibus
889 2388 1101 2437 iucunde
1117 2404 1323 2453 eorpora
1342 2397 1537 2452 curant,

341 2469 636 2518 Praesertim
658 2485 769 2518 cum
792 2475 1057 2533 tempestas
1079 2467 1271 2518 adridet
1292 2476 1344 2518 et
1364 2471 1481 2518 anni

341 2548 586 2613 Tempora
603 2555 934 2614 conspergunt
954 2547 1212 2597 viridantis
1232 2549 1434 2597 floribus
1454 2547 1652 2597 herbes-

343 2629 447 2679 Nec
468 2629 655 2678 calidae
674 2630 819 2679 citius
841 2626 1081 2677 decedunt
1100 2643 1301 2692 corpore
1322 2627 1501 2689 febres,

343 2708 620 2758 'sextilibus
641 2711 683 2758 si
704 2710 757 2758 in
779 2708 986 2774 picturis
1007 2715 1241 2771 ostroque
1262 2708 1458 2757 rubenti

345 2788 567 2851 laeteris,
588 2803 737 2852 quam
758 2790 802 2838 si
823 2790 874 2836 in
894 2786 1091 2855 plebeia
1112 2795 1249 2837 veste
1268 2781 1546 2838 cubandum
1564 2795 1657 2838 est.

1103 2880 1119 2900 ⁶
1539 2890 1581 2923 v.
1611 2880 1687 2924 ba
1699 2880 1727 2918 6
