2100 3500
746 377 1151 422 runcum&
1558 391 1646 438 103

249 472 495 537 Armiger
517 471 852 532 Automedon,
875 485 974 519 una
993 470 1154 518 omnis
1180 467 1356 533 Scyria
1377 467 1533 532 pubes

249 551 536 600 Succedunt
555 558 703 612 tecto,
725 559 775 600 et
796 550 1020 599 flammas
1040 549 1106 598 ad
1127 548 1344 598 culmina
1365 549 1564 599 iactant.

250 631 371 694 Ipse
394 631 522 679 inter
541 631 727 695 primos
746 637 976 694 correpta
997 630 1124 679 dure
1145 630 1345 693 bipenni

251 712 455 759 Limina.
477 711 771 775 perrumpit,
790 711 1045 775 postisque
1068 725 1100 758 a
1122 708 1321 762 cardine
1345 709 1480 758 vellit

252 791 475 839 Aen-atos
494 809 510 854 3
545 791 744 854 iamque
765 792 935 839 excisa.
957 790 1099 840 trabe
1121 788 1267 840 firma
1285 790 1478 838 cavavit

256 869 478 931 Robora,
499 876 550 919 et
571 870 818 935 ingentem
838 869 941 919 lato
961 869 1099 919 dedit
1119 884 1204 918 ore
1228 868 1505 918 fenestram.

255 949 489 1013 Adparet
508 949 683 1000 domus
705 950 857 1011 intus,
879 957 932 1000 et
951 951 1083 999 atria.
1105 950 1257 1014 longa
1275 956 1563 1013 patescunt5

256 1028 520 1093 Adparent
540 1028 731 1079 Priami
751 1036 804 1079 et
823 1037 1046 1080 veterum
1068 1030 1341 1095 penetralia
1361 1045 1558 1095 regum,

256 1111 602 1175 Armstosque
623 1110 792 1159 vident
813 1112 994 1160 stantis
1017 1111 1069 1158 in
1089 1109 1257 1160 limine
1276 1110 1451 1175 primo.

325 1189 401 1260 At
426 1189 602 1239 domus
625 1190 832 1239 interior
851 1190 1045 1255 gemitu
1065 1191 1339 1255 miseroque
1362 1188 1577 1240 tumultu

261 1269 527 1331 Miscetur,
550 1271 843 1334 penitusque
863 1285 1012 1320 cavae
1032 1269 1354 1335 plangoribus
1371 1268 1516 1322 aedes

258 1350 511 1399 Femineis
534 1349 764 1414 ululant3
799 1350 918 1399 ferit
936 1364 1088 1399 aurea
1109 1350 1270 1400 sidera.
1289 1350 1486 1400 clamor.

257 1429 390 1479 Tum
420 1430 629 1494 pavidae
654 1430 799 1480 tectis
817 1437 1002 1479 matres
1021 1429 1307 1495 ingentibus
1327 1437 1514 1490 errant,

257 1511 637 1576 Amplexaeque
659 1517 827 1559 tenent
846 1511 1002 1575 postis
1023 1518 1174 1575 atque
1192 1510 1359 1560 osculo
1379 1510 1551 1574 figunt.

258 1592 424 1641 Instat
446 1592 495 1639 vi
517 1591 680 1655 patria.
698 1590 965 1655 Pyrrhus3
995 1605 1086 1639 nec
1110 1590 1343 1652 claustra,
1363 1605 1522 1653 neque
1543 1588 1634 1654 ipsi

257 1669 501 1720 Custodes
522 1670 728 1719 sufferre
749 1670 916 1720 valent
935 1689 950 1733 ς
982 1669 1119 1720 labat
1137 1671 1291 1720 ariete
1311 1669 1485 1722 crebro

257 1752 433 1812 Ianua,
458 1758 512 1800 et
531 1752 680 1799 emoti
701 1749 1029 1815 procumbunt
1048 1750 1246 1801 cardine
1262 1757 1443 1814 postes.

257 1831 345 1879 Fit
364 1831 445 1878 via
466 1831 545 1893 νίς
582 1836 818 1892 rumpunt
838 1828 1018 1894 aditus,
1038 1830 1322 1894 primosque
1342 1828 1591 1879 trucidant

257 1911 456 1959 Inmissi
494 1910 676 1969 Danai,
695 1918 747 1958 et
767 1909 864 1959 late
884 1909 990 1958 loca
1009 1910 1163 1958 milite
1185 1908 1426 1974 conplent.

258 1989 308 2038 N
310 2005 374 2037 on
395 1991 484 2053 sic,
507 1990 774 2054 aggeribus
794 1989 957 2054 ruptis
979 2005 1091 2038 cum
1118 2005 1350 2054 spumeus
1368 1990 1526 2037 amnis

262 2071 397 2120 Exiit
421 2071 771 2134 oppositasque
793 2070 943 2119 evicit
960 2069 1160 2134 gurgite
1182 2068 1352 2130 mulce,

263 2150 437 2200 Fertur
454 2151 507 2199 in
523 2164 645 2198 srva
660 2149 831 2197 furens
845 2148 1061 2207 cunule,
1075 2164 1373 2212 camposque
1398 2165 1489 2213 per
1498 2150 1655 2199 omnis

255 2231 383 2281 Cum
406 2230 612 2280 stabulis
641 2237 870 2278 armenta
889 2229 1058 2281 trehit.
1123 2228 1246 2281 Vidi
1268 2231 1372 2292 ipse
1395 2230 1636 2279 furentem

256 2310 417 2360 Caede
429 2309 807 2374 Neoptolemum
823 2309 1140 2374 geminosque
1155 2309 1205 2357 in
1219 2307 1386 2359 limine
1415 2309 1644 2368 Atriden

257 2390 380 2440 Vidi
401 2389 664 2438 Hecubam
685 2396 982 2453 centumque
1008 2403 1182 2449 nurus,
1204 2387 1553 2451 Priamumque
1566 2402 1653 2452 per

445 2484 562 2518 aras

268 2550 523 2615 Sanguine
542 2548 818 2597 foedantem
859 2563 982 2611 quos
1003 2548 1108 2612 ipse
1131 2555 1425 2608 sacraverat,
1447 2547 1589 2612 ignis.

269 2629 648 2694 Quinquaginta
670 2626 742 2678 ini
765 2626 986 2689 thalami,
1008 2642 1121 2692 spes
1144 2635 1282 2677 tanta
1303 2635 1554 2691 nepotum,
1603 2648 1611 2654 1

271 2709 543 2758 Bai-herico
565 2714 730 2772 postes
751 2722 873 2755 auro
895 2706 1160 2770 spoliisque
1182 2704 1399 2771 superbi,

273 2789 626 2852 Procubuere3
660 2795 829 2836 tenent
851 2786 1033 2841 Danai.
1056 2802 1155 2840 oua
1177 2786 1341 2836 deficit
1361 2786 1503 2852 ignis.
