<?xml version="1.0" encoding="UTF-8"?>
<!DOCTYPE html PUBLIC "-//W3C//DTD XHTML 1.0 Transitional//EN"
    "http://www.w3.org/TR/xhtml1/DTD/xhtml1-transitional.dtd">
<html xmlns="http://www.w3.org/1999/xhtml" xml:lang="en" lang="en">
 <head>
  <title>
</title>
<meta http-equiv="Content-Type" content="text/html;charset=utf-8" />
  <meta name='ocr-system' content='tesseract 3.04.00' />
  <meta name='ocr-capabilities' content='ocr_page ocr_carea ocr_par ocr_line ocrx_word'/>
</head>
<body>
  <div class='ocr_page' id='page_1' title='image "./anthologialatin03thacgoog_0234.png"; bbox 0 0 2100 3500; ppageno 0'>
   <div class='ocr_carea' id='block_1_1' title="bbox 433 389 1520 455">
    <p class='ocr_par' dir='ltr' id='par_1_1' title="bbox 433 389 1520 455">
     <span class='ocr_line' id='line_1_1' title="bbox 433 389 1520 455; baseline -0.007 -10"><span class='ocrx_word' id='word_1_1' title='bbox 433 411 527 455; x_wconf 78' lang='grc'>214</span> <span class='ocrx_word' id='word_1_2' title='bbox 722 389 1184 437; x_wconf 69' lang='lat' dir='ltr'><strong><em>ANTHOLOGIA</em></strong></span> <span class='ocrx_word' id='word_1_3' title='bbox 1237 394 1520 437; x_wconf 70' lang='lat' dir='ltr'><strong><em>LATINA.</em></strong></span> 
     </span>
    </p>
   </div>
   <div class='ocr_carea' id='block_1_2' title="bbox 428 486 1820 1969">
    <p class='ocr_par' dir='ltr' id='par_1_2' title="bbox 428 486 1727 631">
     <span class='ocr_line' id='line_1_2' title="bbox 428 486 1707 551; baseline 0 -15"><span class='ocrx_word' id='word_1_4' title='bbox 428 488 533 536; x_wconf 82' lang='lat' dir='ltr'>Nee</span> <span class='ocrx_word' id='word_1_5' title='bbox 554 502 691 536; x_wconf 83' lang='lat' dir='ltr'>mens</span> <span class='ocrx_word' id='word_1_6' title='bbox 711 488 984 536; x_wconf 71' lang='lat' dir='ltr'>innumeris</span> <span class='ocrx_word' id='word_1_7' title='bbox 999 493 1268 536; x_wconf 82' lang='lat' dir='ltr'>renovatur</span> <span class='ocrx_word' id='word_1_8' title='bbox 1287 502 1489 551; x_wconf 73' lang='lat' dir='ltr'>campus</span> <span class='ocrx_word' id='word_1_9' title='bbox 1509 486 1707 544; x_wconf 78' lang='lat' dir='ltr'>aratris,</span> 
     </span>
     <span class='ocr_line' id='line_1_3' title="bbox 492 567 1727 631; baseline 0.002 -17"><span class='ocrx_word' id='word_1_10' title='bbox 492 567 757 631; x_wconf 80' lang='lat' dir='ltr'>Temperat</span> <span class='ocrx_word' id='word_1_11' title='bbox 777 574 828 615; x_wconf 86' lang='lat' dir='ltr'>et</span> <span class='ocrx_word' id='word_1_12' title='bbox 849 573 1075 631; x_wconf 74' lang='lat' dir='ltr'>sumptus</span> <span class='ocrx_word' id='word_1_13' title='bbox 1093 582 1272 630; x_wconf 80' lang='lat' dir='ltr'>parcus</span> <span class='ocrx_word' id='word_1_14' title='bbox 1293 572 1499 629; x_wconf 84' lang='lat' dir='ltr'>uterque</span> <span class='ocrx_word' id='word_1_15' title='bbox 1520 581 1727 630; x_wconf 79' lang='lat' dir='ltr'>parens:</span> 
     </span>
    </p>

    <p class='ocr_par' dir='ltr' id='par_1_3' title="bbox 428 645 1745 789">
     <span class='ocr_line' id='line_1_4' title="bbox 428 645 1745 710; baseline -0.002 -14"><span class='ocrx_word' id='word_1_16' title='bbox 428 648 504 696; x_wconf 85' lang='lat' dir='ltr'>At</span> <span class='ocrx_word' id='word_1_17' title='bbox 525 646 753 695; x_wconf 82' lang='lat' dir='ltr'>Phoebus</span> <span class='ocrx_word' id='word_1_18' title='bbox 770 645 1070 710; x_wconf 61' lang='lat' dir='ltr'>confinesque</span> <span class='ocrx_word' id='word_1_19' title='bbox 1088 661 1266 695; x_wconf 78' lang='lat' dir='ltr'>novem</span> <span class='ocrx_word' id='word_1_20' title='bbox 1286 648 1498 710; x_wconf 75' lang='lat' dir='ltr'>vitisque</span> <span class='ocrx_word' id='word_1_21' title='bbox 1519 655 1745 710; x_wconf 74' lang='lat' dir='ltr'>repertor</span> 
     </span>
     <span class='ocr_line' id='line_1_5' title="bbox 493 726 1688 789; baseline -0.001 -14"><span class='ocrx_word' id='word_1_22' title='bbox 493 727 624 775; x_wconf 81' lang='lat' dir='ltr'>Hine</span> <span class='ocrx_word' id='word_1_23' title='bbox 643 727 843 776; x_wconf 78' lang='lat' dir='ltr'>faciunt.</span> <span class='ocrx_word' id='word_1_24' title='bbox 906 726 983 775; x_wconf 81' lang='lat' dir='ltr'>At</span> <span class='ocrx_word' id='word_1_25' title='bbox 1001 741 1083 775; x_wconf 86' lang='lat' dir='ltr'>me</span> <span class='ocrx_word' id='word_1_26' title='bbox 1103 727 1189 789; x_wconf 90' lang='lat' dir='ltr'>qui</span> <span class='ocrx_word' id='word_1_27' title='bbox 1209 727 1304 775; x_wconf 81' lang='lat' dir='ltr'>tibi</span> <span class='ocrx_word' id='word_1_28' title='bbox 1324 726 1489 783; x_wconf 81' lang='lat' dir='ltr'>donat.</span> <span class='ocrx_word' id='word_1_29' title='bbox 1511 726 1688 783; x_wconf 82' lang='lat' dir='ltr'>Amor,</span> 
     </span>
    </p>

    <p class='ocr_par' dir='ltr' id='par_1_4' title="bbox 430 805 1633 950">
     <span class='ocr_line' id='line_1_6' title="bbox 430 805 1564 868; baseline 0 -14"><span class='ocrx_word' id='word_1_30' title='bbox 430 807 497 855; x_wconf 87' lang='lat' dir='ltr'>Et</span> <span class='ocrx_word' id='word_1_31' title='bbox 517 806 641 855; x_wconf 84' lang='lat' dir='ltr'>nulli</span> <span class='ocrx_word' id='word_1_32' title='bbox 661 820 859 855; x_wconf 81' lang='lat' dir='ltr'>eessura</span> <span class='ocrx_word' id='word_1_33' title='bbox 875 805 1017 868; x_wconf 70' lang='lat' dir='ltr'>fides,</span> <span class='ocrx_word' id='word_1_34' title='bbox 1038 806 1143 853; x_wconf 81' lang='lat' dir='ltr'>sine</span> <span class='ocrx_word' id='word_1_35' title='bbox 1164 807 1367 854; x_wconf 84' lang='lat' dir='ltr'>erimine</span> <span class='ocrx_word' id='word_1_36' title='bbox 1388 821 1564 864; x_wconf 86' lang='lat' dir='ltr'>mores,</span> 
     </span>
     <span class='ocr_line' id='line_1_7' title="bbox 493 885 1633 950; baseline 0.002 -17"><span class='ocrx_word' id='word_1_37' title='bbox 493 885 736 949; x_wconf 83' lang='lat' dir='ltr'>Nudaque</span> <span class='ocrx_word' id='word_1_38' title='bbox 757 885 1041 950; x_wconf 76' lang='lat' dir='ltr'><strong>simplicitas</strong></span> <span class='ocrx_word' id='word_1_39' title='bbox 1062 900 1439 949; x_wconf 86' lang='lat' dir='ltr'>purpureusque</span> <span class='ocrx_word' id='word_1_40' title='bbox 1456 885 1633 949; x_wconf 86' lang='lat' dir='ltr'>pudor.</span> 
     </span>
    </p>

    <p class='ocr_par' dir='ltr' id='par_1_5' title="bbox 431 964 1820 1107">
     <span class='ocr_line' id='line_1_8' title="bbox 431 964 1820 1028; baseline 0.001 -15"><span class='ocrx_word' id='word_1_41' title='bbox 431 966 545 1014; x_wconf 85' lang='lat' dir='ltr'>Non</span> <span class='ocrx_word' id='word_1_42' title='bbox 565 965 685 1013; x_wconf 88' lang='lat' dir='ltr'>mihi</span> <span class='ocrx_word' id='word_1_43' title='bbox 703 964 838 1013; x_wconf 86' lang='lat' dir='ltr'>mille</span> <span class='ocrx_word' id='word_1_44' title='bbox 860 964 1067 1028; x_wconf 78' lang='lat' dir='ltr'>placent.</span> <span class='ocrx_word' id='word_1_45' title='bbox 1111 964 1227 1013; x_wconf 81' lang='lat' dir='ltr'>Non</span> <span class='ocrx_word' id='word_1_46' title='bbox 1247 980 1361 1020; x_wconf 80' lang='lat' dir='ltr'>sum</span> <span class='ocrx_word' id='word_1_47' title='bbox 1378 964 1598 1014; x_wconf 77' lang='lat' dir='ltr'>desultor</span> <span class='ocrx_word' id='word_1_48' title='bbox 1617 967 1820 1017; x_wconf 69' lang='lat' dir='ltr'>amm-ist</span> 
     </span>
     <span class='ocr_line' id='line_1_9' title="bbox 493 1039 1573 1107; baseline 0 -16"><span class='ocrx_word' id='word_1_49' title='bbox 493 1039 572 1091; x_wconf 85' lang='lat' dir='ltr'>Tu</span> <span class='ocrx_word' id='word_1_50' title='bbox 593 1043 730 1103; x_wconf 81' lang='lat' dir='ltr'>mihi,</span> <span class='ocrx_word' id='word_1_51' title='bbox 752 1043 894 1105; x_wconf 79' lang='lat' dir='ltr'>siqua</span> <span class='ocrx_word' id='word_1_52' title='bbox 911 1042 1052 1102; x_wconf 84' lang='lat' dir='ltr'>fides,</span> <span class='ocrx_word' id='word_1_53' title='bbox 1071 1057 1194 1090; x_wconf 79' lang='lat' dir='ltr'>eura</span> <span class='ocrx_word' id='word_1_54' title='bbox 1211 1043 1441 1107; x_wconf 85' lang='lat' dir='ltr'>perennis</span> <span class='ocrx_word' id='word_1_55' title='bbox 1461 1044 1573 1092; x_wconf 87' lang='lat' dir='ltr'>eris.</span> 
     </span>
    </p>

    <p class='ocr_par' dir='ltr' id='par_1_6' title="bbox 431 1122 1707 1266">
     <span class='ocr_line' id='line_1_10' title="bbox 431 1122 1707 1187; baseline 0.001 -16"><span class='ocrx_word' id='word_1_56' title='bbox 431 1124 616 1172; x_wconf 84' lang='lat' dir='ltr'>Tecum</span> <span class='ocrx_word' id='word_1_57' title='bbox 637 1138 761 1187; x_wconf 89' lang='lat' dir='ltr'>quos</span> <span class='ocrx_word' id='word_1_58' title='bbox 781 1122 1006 1170; x_wconf 78' lang='lat' dir='ltr'>dederint</span> <span class='ocrx_word' id='word_1_59' title='bbox 1027 1137 1181 1171; x_wconf 88' lang='lat' dir='ltr'>annos</span> <span class='ocrx_word' id='word_1_60' title='bbox 1202 1123 1324 1172; x_wconf 85' lang='lat' dir='ltr'>mihi</span> <span class='ocrx_word' id='word_1_61' title='bbox 1346 1123 1432 1172; x_wconf 86' lang='lat' dir='ltr'>fila</span> <span class='ocrx_word' id='word_1_62' title='bbox 1453 1138 1676 1174; x_wconf 82' lang='lat' dir='ltr'>sororum</span> <span class='ocrx_word' id='word_1_63' title='bbox 1692 1159 1707 1184; x_wconf 93' lang='lat'>,</span> 
     </span>
     <span class='ocr_line' id='line_1_11' title="bbox 496 1202 1508 1266; baseline 0.001 -16"><span class='ocrx_word' id='word_1_64' title='bbox 496 1204 679 1251; x_wconf 84' lang='lat' dir='ltr'>Vivere</span> <span class='ocrx_word' id='word_1_65' title='bbox 700 1204 968 1266; x_wconf 82' lang='lat' dir='ltr'>eontingat.</span> <span class='ocrx_word' id='word_1_66' title='bbox 992 1209 1138 1266; x_wconf 83' lang='lat' dir='ltr'>teque</span> <span class='ocrx_word' id='word_1_67' title='bbox 1154 1202 1346 1251; x_wconf 75' lang='lat' dir='ltr'>dolente</span> <span class='ocrx_word' id='word_1_68' title='bbox 1368 1205 1508 1251; x_wconf 85' lang='lat' dir='ltr'>mori.</span> 
     </span>
    </p>

    <p class='ocr_par' dir='ltr' id='par_1_7' title="bbox 432 1281 1662 1426">
     <span class='ocr_line' id='line_1_12' title="bbox 432 1281 1662 1346; baseline 0.001 -16"><span class='ocrx_word' id='word_1_69' title='bbox 432 1282 503 1330; x_wconf 89' lang='lat' dir='ltr'>Te</span> <span class='ocrx_word' id='word_1_70' title='bbox 526 1282 646 1331; x_wconf 88' lang='lat' dir='ltr'>mihi</span> <span class='ocrx_word' id='word_1_71' title='bbox 668 1290 919 1330; x_wconf 75' lang='lat' dir='ltr'>materiem</span> <span class='ocrx_word' id='word_1_72' title='bbox 944 1281 1133 1331; x_wconf 68' lang='lat' dir='ltr'>felicem</span> <span class='ocrx_word' id='word_1_73' title='bbox 1157 1283 1210 1330; x_wconf 86' lang='lat' dir='ltr'>in</span> <span class='ocrx_word' id='word_1_74' title='bbox 1230 1284 1450 1331; x_wconf 84' lang='lat' dir='ltr'>earmina</span> <span class='ocrx_word' id='word_1_75' title='bbox 1465 1283 1662 1346; x_wconf 85' lang='lat' dir='ltr'>praebe,</span> 
     </span>
     <span class='ocr_line' id='line_1_13' title="bbox 497 1362 1492 1426; baseline 0.001 -16"><span class='ocrx_word' id='word_1_76' title='bbox 497 1362 790 1410; x_wconf 80' lang='lat' dir='ltr'>Provenient</span> <span class='ocrx_word' id='word_1_77' title='bbox 808 1376 957 1411; x_wconf 84' lang='lat' dir='ltr'>eausa</span> <span class='ocrx_word' id='word_1_78' title='bbox 977 1363 1199 1410; x_wconf 85' lang='lat' dir='ltr'>earmina</span> <span class='ocrx_word' id='word_1_79' title='bbox 1219 1363 1370 1426; x_wconf 78' lang='lat' dir='ltr'>digna</span> <span class='ocrx_word' id='word_1_80' title='bbox 1392 1378 1492 1411; x_wconf 85' lang='lat' dir='ltr'>sua.</span> 
     </span>
    </p>

    <p class='ocr_par' dir='ltr' id='par_1_8' title="bbox 432 1442 1647 1586">
     <span class='ocr_line' id='line_1_14' title="bbox 432 1442 1647 1492; baseline -0.001 0"><span class='ocrx_word' id='word_1_81' title='bbox 432 1443 661 1492; x_wconf 85' lang='lat' dir='ltr'>Carmine</span> <span class='ocrx_word' id='word_1_82' title='bbox 680 1457 854 1490; x_wconf 87' lang='lat' dir='ltr'>nomen</span> <span class='ocrx_word' id='word_1_83' title='bbox 876 1442 1062 1491; x_wconf 81' lang='lat' dir='ltr'>habent</span> <span class='ocrx_word' id='word_1_84' title='bbox 1076 1444 1319 1491; x_wconf 79' lang='lat' dir='ltr'>exterrita</span> <span class='ocrx_word' id='word_1_85' title='bbox 1338 1442 1566 1492; x_wconf 72' lang='lat' dir='ltr'>cornibus</span> <span class='ocrx_word' id='word_1_86' title='bbox 1590 1442 1647 1491; x_wconf 89' lang='lat' dir='ltr'>Io</span> 
     </span>
     <span class='ocr_line' id='line_1_15' title="bbox 501 1522 1464 1586; baseline -0.001 -15"><span class='ocrx_word' id='word_1_87' title='bbox 501 1526 563 1571; x_wconf 81' lang='lat' dir='ltr'>Et</span> <span class='ocrx_word' id='word_1_88' title='bbox 582 1538 731 1586; x_wconf 88' lang='lat' dir='ltr'>quam</span> <span class='ocrx_word' id='word_1_89' title='bbox 752 1522 985 1570; x_wconf 82' lang='lat' dir='ltr'>fluminea</span> <span class='ocrx_word' id='word_1_90' title='bbox 1003 1522 1124 1571; x_wconf 81' lang='lat' dir='ltr'>lusit</span> <span class='ocrx_word' id='word_1_91' title='bbox 1142 1522 1337 1571; x_wconf 86' lang='lat' dir='ltr'>adulter</span> <span class='ocrx_word' id='word_1_92' title='bbox 1357 1538 1464 1584; x_wconf 87' lang='lat' dir='ltr'>ave,</span> 
     </span>
    </p>

    <p class='ocr_par' dir='ltr' id='par_1_9' title="bbox 434 1600 1688 1746">
     <span class='ocr_line' id='line_1_16' title="bbox 434 1600 1688 1665; baseline -0.002 -15"><span class='ocrx_word' id='word_1_93' title='bbox 434 1602 671 1665; x_wconf 85' lang='lat' dir='ltr'>Quaeque</span> <span class='ocrx_word' id='word_1_94' title='bbox 691 1615 836 1664; x_wconf 83' lang='lat' dir='ltr'>super</span> <span class='ocrx_word' id='word_1_95' title='bbox 854 1607 1060 1663; x_wconf 86' lang='lat' dir='ltr'>pontum</span> <span class='ocrx_word' id='word_1_96' title='bbox 1080 1600 1309 1649; x_wconf 87' lang='lat' dir='ltr'>simulato</span> <span class='ocrx_word' id='word_1_97' title='bbox 1327 1608 1466 1649; x_wconf 82' lang='lat' dir='ltr'>vecta</span> <span class='ocrx_word' id='word_1_98' title='bbox 1485 1601 1688 1661; x_wconf 65' lang='lat' dir='ltr'>iuvenco</span> 
     </span>
     <span class='ocr_line' id='line_1_17' title="bbox 499 1681 1446 1746; baseline -0.001 -18"><span class='ocrx_word' id='word_1_99' title='bbox 499 1682 740 1746; x_wconf 82' lang='lat' dir='ltr'>Virginea</span> <span class='ocrx_word' id='word_1_100' title='bbox 763 1681 917 1728; x_wconf 75' lang='lat' dir='ltr'>tenuit</span> <span class='ocrx_word' id='word_1_101' title='bbox 937 1695 1123 1729; x_wconf 82' lang='lat' dir='ltr'>cornua</span> <span class='ocrx_word' id='word_1_102' title='bbox 1143 1695 1264 1729; x_wconf 79' lang='lat' dir='ltr'>vara</span> <span class='ocrx_word' id='word_1_103' title='bbox 1284 1695 1446 1730; x_wconf 86' lang='lat' dir='ltr'>manu.</span> 
     </span>
    </p>

    <p class='ocr_par' dir='ltr' id='par_1_10' title="bbox 436 1759 1784 1904">
     <span class='ocr_line' id='line_1_18' title="bbox 436 1759 1784 1825; baseline -0.002 -14"><span class='ocrx_word' id='word_1_104' title='bbox 436 1762 539 1811; x_wconf 84' lang='lat' dir='ltr'>Nos</span> <span class='ocrx_word' id='word_1_105' title='bbox 558 1777 750 1825; x_wconf 91' lang='lat' dir='ltr'>quoque</span> <span class='ocrx_word' id='word_1_106' title='bbox 769 1776 859 1825; x_wconf 87' lang='lat' dir='ltr'>per</span> <span class='ocrx_word' id='word_1_107' title='bbox 878 1767 1035 1808; x_wconf 77' lang='lat' dir='ltr'>totum</span> <span class='ocrx_word' id='word_1_108' title='bbox 1059 1762 1247 1824; x_wconf 82' lang='lat' dir='ltr'>pariter</span> <span class='ocrx_word' id='word_1_109' title='bbox 1265 1760 1572 1809; x_wconf 82' lang='lat' dir='ltr'>cantabimur</span> <span class='ocrx_word' id='word_1_110' title='bbox 1593 1759 1784 1820; x_wconf 85' lang='lat' dir='ltr'>orbem,</span> 
     </span>
     <span class='ocr_line' id='line_1_19' title="bbox 498 1841 1692 1904; baseline -0.001 -14"><span class='ocrx_word' id='word_1_111' title='bbox 498 1843 770 1904; x_wconf 76' lang='lat' dir='ltr'>Iunctaque</span> <span class='ocrx_word' id='word_1_112' title='bbox 792 1855 982 1904; x_wconf 83' lang='lat' dir='ltr'>semper</span> <span class='ocrx_word' id='word_1_113' title='bbox 1003 1849 1150 1889; x_wconf 85' lang='lat' dir='ltr'>erunt</span> <span class='ocrx_word' id='word_1_114' title='bbox 1170 1842 1366 1889; x_wconf 85' lang='lat' dir='ltr'>nomina</span> <span class='ocrx_word' id='word_1_115' title='bbox 1387 1848 1556 1889; x_wconf 83' lang='lat' dir='ltr'>nostra</span> <span class='ocrx_word' id='word_1_116' title='bbox 1578 1841 1692 1889; x_wconf 83' lang='lat' dir='ltr'>tuis.</span> 
     </span>
    </p>

    <p class='ocr_par' dir='ltr' id='par_1_11' title="bbox 1583 1925 1788 1969">
     <span class='ocr_line' id='line_1_20' title="bbox 1583 1925 1788 1969; baseline 0.015 -4"><span class='ocrx_word' id='word_1_117' title='bbox 1583 1935 1627 1969; x_wconf 88' lang='lat' dir='ltr'>v.</span> <span class='ocrx_word' id='word_1_118' title='bbox 1655 1925 1788 1968; x_wconf 81' lang='lat'><strong>4·26.</strong></span> 
     </span>
    </p>
   </div>
   <div class='ocr_carea' id='block_1_3' title="bbox 440 2107 1819 2700">
    <p class='ocr_par' dir='ltr' id='par_1_12' title="bbox 440 2107 1819 2700">
     <span class='ocr_line' id='line_1_21' title="bbox 1073 2107 1221 2145; baseline 0.007 -1"><span class='ocrx_word' id='word_1_119' title='bbox 1073 2107 1221 2145; x_wconf 76' lang='lat' dir='ltr'>cun.</span> 
     </span>
     <span class='ocr_line' id='line_1_22' title="bbox 793 2213 1463 2284; baseline 0 -19"><span class='ocrx_word' id='word_1_120' title='bbox 793 2213 965 2284; x_wconf 78' lang='lat' dir='ltr'>Ripae</span> <span class='ocrx_word' id='word_1_121' title='bbox 990 2215 1250 2267; x_wconf 53' lang='lat' dir='ltr'>ulterioris</span> <span class='ocrx_word' id='word_1_122' title='bbox 1271 2230 1463 2266; x_wconf 80' lang='lat' dir='ltr'>amore.</span> 
     </span>
     <span class='ocr_line' id='line_1_23' title="bbox 486 2309 1792 2432; baseline -0.001 -58"><span class='ocrx_word' id='word_1_123' title='bbox 486 2309 493 2312; x_wconf 34' lang='grc'><strong><em>’</em></strong></span> <span class='ocrx_word' id='word_1_124' title='bbox 576 2310 670 2432; x_wconf 52' lang='lat'>2:⁶⁴3</span> <span class='ocrx_word' id='word_1_125' title='bbox 687 2325 878 2384; x_wconf 87' lang='lat' dir='ltr'>MNIS,</span> <span class='ocrx_word' id='word_1_126' title='bbox 901 2326 1222 2375; x_wconf 81' lang='lat' dir='ltr'>arundinibus</span> <span class='ocrx_word' id='word_1_127' title='bbox 1242 2327 1438 2379; x_wconf 84' lang='lat' dir='ltr'>limosas</span> <span class='ocrx_word' id='word_1_128' title='bbox 1459 2326 1618 2375; x_wconf 74' lang='lat' dir='ltr'>obsite</span> <span class='ocrx_word' id='word_1_129' title='bbox 1638 2325 1792 2389; x_wconf 81' lang='lat' dir='ltr'>ripas,</span> 
     </span>
     <span class='ocr_line' id='line_1_24' title="bbox 497 2401 1819 2472; baseline -0.001 -18"><span class='ocrx_word' id='word_1_130' title='bbox 497 2405 516 2414; x_wconf 82' lang='grc'>”“</span> <span class='ocrx_word' id='word_1_131' title='bbox 749 2407 826 2454; x_wconf 90' lang='lat' dir='ltr'>Ad</span> <span class='ocrx_word' id='word_1_132' title='bbox 849 2407 1095 2455; x_wconf 91' lang='lat' dir='ltr'>dominam</span> <span class='ocrx_word' id='word_1_133' title='bbox 1116 2422 1336 2472; x_wconf 86' lang='lat' dir='ltr'>propero.</span> <span class='ocrx_word' id='word_1_134' title='bbox 1377 2401 1539 2455; x_wconf 86' lang='lat' dir='ltr'>Siste</span> <span class='ocrx_word' id='word_1_135' title='bbox 1555 2419 1819 2469; x_wconf 83' lang='lat' dir='ltr'>parumper</span> 
     </span>
     <span class='ocr_line' id='line_1_25' title="bbox 877 2490 1064 2551; baseline 0 -15"><span class='ocrx_word' id='word_1_136' title='bbox 877 2490 1064 2551; x_wconf 86' lang='lat' dir='ltr'>aquas!</span> 
     </span>
     <span class='ocr_line' id='line_1_26' title="bbox 440 2565 1733 2633; baseline -0.004 -15"><span class='ocrx_word' id='word_1_137' title='bbox 440 2571 544 2618; x_wconf 86' lang='lat' dir='ltr'>Nee</span> <span class='ocrx_word' id='word_1_138' title='bbox 566 2571 655 2618; x_wconf 88' lang='lat' dir='ltr'>tibi</span> <span class='ocrx_word' id='word_1_139' title='bbox 679 2576 795 2618; x_wconf 86' lang='lat' dir='ltr'>sunt</span> <span class='ocrx_word' id='word_1_140' title='bbox 813 2576 1005 2633; x_wconf 81' lang='lat' dir='ltr'>ponteS‚</span> <span class='ocrx_word' id='word_1_141' title='bbox 1027 2583 1116 2617; x_wconf 82' lang='lat' dir='ltr'>nee</span> <span class='ocrx_word' id='word_1_142' title='bbox 1138 2583 1265 2631; x_wconf 77' lang='lat' dir='ltr'>quae</span> <span class='ocrx_word' id='word_1_143' title='bbox 1285 2568 1390 2615; x_wconf 86' lang='lat' dir='ltr'>sine</span> <span class='ocrx_word' id='word_1_144' title='bbox 1410 2565 1609 2630; x_wconf 84' lang='lat' dir='ltr'>remigis</span> <span class='ocrx_word' id='word_1_145' title='bbox 1630 2567 1733 2614; x_wconf 80' lang='lat' dir='ltr'>ictu</span> 
     </span>
     <span class='ocr_line' id='line_1_27' title="bbox 501 2645 1558 2700; baseline -0.008 0"><span class='ocrx_word' id='word_1_146' title='bbox 501 2651 728 2700; x_wconf 75' lang='lat' dir='ltr'>Concava</span> <span class='ocrx_word' id='word_1_147' title='bbox 749 2651 956 2697; x_wconf 72' lang='lat' dir='ltr'>traiecto</span> <span class='ocrx_word' id='word_1_148' title='bbox 976 2648 1154 2695; x_wconf 78' lang='lat' dir='ltr'>cumba</span> <span class='ocrx_word' id='word_1_149' title='bbox 1173 2647 1379 2695; x_wconf 78' lang='lat' dir='ltr'>rudente</span> <span class='ocrx_word' id='word_1_150' title='bbox 1399 2645 1558 2693; x_wconf 83' lang='lat' dir='ltr'>vehat.</span> 
     </span>
    </p>
   </div>
   <div class='ocr_carea' id='block_1_4' title="bbox 441 2725 1628 2871">
    <p class='ocr_par' dir='ltr' id='par_1_13' title="bbox 441 2725 1628 2871">
     <span class='ocr_line' id='line_1_28' title="bbox 441 2725 1628 2789; baseline -0.006 -10"><span class='ocrx_word' id='word_1_151' title='bbox 441 2730 628 2779; x_wconf 84' lang='lat' dir='ltr'>Parvus</span> <span class='ocrx_word' id='word_1_152' title='bbox 650 2745 778 2789; x_wconf 89' lang='lat' dir='ltr'>eras,</span> <span class='ocrx_word' id='word_1_153' title='bbox 801 2728 1015 2786; x_wconf 88' lang='lat' dir='ltr'>memini,</span> <span class='ocrx_word' id='word_1_154' title='bbox 1036 2742 1126 2774; x_wconf 87' lang='lat' dir='ltr'>nec</span> <span class='ocrx_word' id='word_1_155' title='bbox 1147 2735 1196 2775; x_wconf 88' lang='lat' dir='ltr'>te</span> <span class='ocrx_word' id='word_1_156' title='bbox 1219 2727 1429 2775; x_wconf 84' lang='lat' dir='ltr'>transire</span> <span class='ocrx_word' id='word_1_157' title='bbox 1450 2725 1628 2787; x_wconf 86' lang='lat' dir='ltr'>refugi,</span> 
     </span>
     <span class='ocr_line' id='line_1_29' title="bbox 506 2805 1603 2871; baseline -0.005 -13"><span class='ocrx_word' id='word_1_158' title='bbox 506 2809 801 2870; x_wconf 85' lang='lat' dir='ltr'>Summaque</span> <span class='ocrx_word' id='word_1_159' title='bbox 823 2808 909 2854; x_wconf 85' lang='lat' dir='ltr'>vix</span> <span class='ocrx_word' id='word_1_160' title='bbox 930 2807 1056 2855; x_wconf 82' lang='lat' dir='ltr'>talos</span> <span class='ocrx_word' id='word_1_161' title='bbox 1078 2808 1284 2871; x_wconf 83' lang='lat' dir='ltr'>eontigit</span> <span class='ocrx_word' id='word_1_162' title='bbox 1303 2805 1435 2854; x_wconf 82' lang='lat' dir='ltr'>unda</span> <span class='ocrx_word' id='word_1_163' title='bbox 1454 2820 1603 2859; x_wconf 78' lang='lat' dir='ltr'>meos,</span> 
     </span>
    </p>
   </div>
   <div class='ocr_carea' id='block_1_5' title="bbox 440 2301 684 2553">
    <p class='ocr_par' dir='ltr' id='par_1_14' title="bbox 440 2301 684 2553">
     <span class='ocr_line' id='line_1_30' title="bbox 440 2301 684 2553; baseline 0 947"><span class='ocrx_word' id='word_1_164' title='bbox 440 2301 684 2553; x_wconf 95' lang='lat' dir='ltr'> </span> 
     </span>
    </p>
   </div>
  </div>
 </body>
</html>
