2100 3500
487 369 516 416 8
765 366 1228 410 ANTHOLOGIA
1281 368 1364 409 LA
1379 368 1565 411 TINA.

547 466 630 512 Tr.
666 461 857 522 Metuo,
878 468 929 510 te
949 467 1099 524 atque
1120 461 1240 509 istos
1259 460 1461 525 expiare
1481 469 1539 510 ut
1556 463 1768 526 ponis..

548 546 636 592 Th.
673 539 805 600 Quid
829 542 924 589 iam
942 540 965 587 ἲ

545 626 631 671 Tr.
732 621 890 685 Fuge,
913 620 1131 676 obsecro,
1152 625 1302 682 atque
1322 618 1527 668 abscede
1548 620 1612 669 ab
1632 621 1861 672 aedibus.

477 700 617 765 Fuge
632 699 745 764 huc,
758 699 875 764 fuge
887 699 947 747 ad
971 713 1049 747 me
1072 699 1298 763 propius!
1334 707 1443 747 tene
1457 706 1638 747 terram
1657 716 1832 749 manu:

478 780 562 835 Et.
582 781 722 841 heus,
744 779 857 828 iube
878 779 987 827 illos
1007 777 1150 840 illim,
1171 778 1365 840 amabo,
1385 779 1662 829 abscedere.

546 864 635 909 Th.
670 859 953 908 Abscedite.

544 944 628 990 Tr.
1008 937 1166 986 Aedis
1186 953 1248 986 ne
1270 939 1519 1003 attigatis!
1566 937 1783 1004 Tangite

475 1020 583 1070 Vos
605 1035 799 1086 quoque
819 1019 1033 1067 terram!

544 1103 629 1150 Th.
841 1099 1058 1148 Obsecro
1078 1097 1259 1159 hercle,
1279 1099 1400 1162 quin
1420 1099 1551 1148 intro
1572 1100 1701 1148 imus
1721 1100 1822 1150 huc
1837 1101 1866 1149 ?

543 1185 627 1230 Tr.
664 1179 795 1239 Quia
817 1195 859 1228 se
870 1187 1004 1244 ptem
1027 1194 1218 1228 menses
1239 1187 1370 1243 sunt,
1392 1195 1537 1244 quom
1560 1181 1613 1229 in
1633 1180 1781 1230 hasce

652 1266 659 1275 ⁴
728 1258 862 1307 aedis
884 1259 1055 1323 pedem

475 1341 633 1391 Nemo
655 1342 784 1387 intro
805 1339 986 1396 tetulit,
1010 1339 1158 1387 semel
1182 1347 1237 1388 ut
1256 1340 1622 1405 migravimus.

543 1423 632 1470 Th.
666 1419 930 1483 Eloquere,
953 1418 1077 1481 quid
1098 1419 1169 1467 ita
1184 1419 1207 1466 ἲ

542 1504 624 1557 Tr.
994 1497 1464 1561 Circumspicedum,
1483 1515 1602 1548 num
1626 1500 1740 1563 quis
1761 1508 1858 1550 est.

475 1579 758 1628 Sermonem
779 1584 1000 1626 nostrum
1019 1579 1105 1641 qui
1129 1585 1357 1641 aucupet.

544 1663 633 1709 ΤΙι.
1372 1657 1558 1708 Tutum
1578 1660 1793 1725 probest.

544 1743 625 1790 Tr.
658 1737 989 1804 Circumspice
1012 1737 1180 1788 etiam.

542 1823 632 1869 Th.
1045 1817 1253 1868 Nemost
1267 1839 1282 1868 ι
1318 1819 1518 1884 loquere
1540 1834 1670 1867 nunc
1691 1819 1806 1867 iam.

542 1902 624 1948 Tr.
660 1897 902 1963 Caputale
923 1898 1171 1947 factumst.

541 1981 629 2026 ΤΙι.
1108 1977 1240 2037 Quid
1265 1978 1314 2026 id
1335 1979 1448 2028 est?
1480 1994 1580 2027 non
1603 1978 1849 2043 intellego·

541 2062 626 2108 Tr.
663 2058 848 2119 Scelus,
870 2060 1088 2122 inquam,
1109 2060 1341 2108 factumst
1360 2061 1456 2108 iam
1489 2060 1575 2108 diu
1602 2061 1854 2124 antiquom

724 2145 776 2185 et
798 2149 956 2198 vetus,

471 2217 743 2281 Caputale=
779 2217 830 2265 id
851 2222 974 2267 adeo
995 2234 1084 2267 nos
1105 2234 1236 2267 nunc
1256 2218 1440 2268 factum
1461 2220 1749 2269 invenimus.

539 2300 625 2346 Th.
663 2296 796 2355 Quid
811 2298 936 2346 istuc
951 2297 1109 2347 scelus
1129 2305 1204 2348 est
1225 2307 1313 2348 aut
1332 2302 1444 2365 quis
1464 2300 1514 2349 id
1535 2300 1687 2350 fecit?
1720 2301 1850 2350 cedo,

540 2379 619 2426 Tr.
660 2375 854 2440 Hospes
873 2378 1066 2425 necavit
1087 2377 1329 2442 hospitem
1350 2388 1548 2444 captum
1569 2396 1751 2444 manu3

469 2454 587 2512 Iste,
609 2463 666 2504 ut
687 2471 780 2520 ego
801 2458 988 2520 opinor,
1011 2459 1098 2522 qui
1120 2458 1209 2507 has
1234 2459 1321 2509 tibi
1343 2460 1478 2508 aedis
1498 2459 1731 2510 vendidit.

538 2539 620 2583 Th.
658 2535 706 2583 N
708 2537 867 2585 ecavit
885 2536 909 2584 ἰ’

539 2618 619 2663 Τν.
910 2616 1202 2681 Aurumque
1225 2619 1270 2666 ei
1293 2619 1476 2668 ademit
1496 2619 1697 2685 hospiti,

469 2691 691 2755 Eumque
711 2695 791 2744 hic
812 2694 1000 2744 defodit
1023 2697 1267 2762 hospitem
1290 2698 1471 2747 ibidem
1493 2699 1545 2748 in
1566 2700 1784 2749 aedibus.

536 2775 623 2822 Th.
654 2772 964 2840 Quapropter
986 2777 1037 2826 id
1061 2793 1146 2826 vos
1165 2778 1348 2827 factum
1370 2780 1722 2845 suspicamini?
