2100 3500
748 400 1075 445 ramme.
1534 414 1627 460 2⁴5
1671 455 1676 461 ,

239 489 453 540 Deducit
473 492 691 556 trepidas
713 508 911 542 ramosa.
931 495 984 542 in
1004 494 1219 557 compita
1239 500 1445 553 mentes,

237 569 324 617 Me
344 570 437 619 tibi
457 572 712 635 supposui.
779 572 997 623 Teneros
1018 581 1075 622 tu
1097 573 1303 637 suscipis
1326 588 1482 621 annos

241 648 506 710 Socratico,
527 651 763 711 Cornute,
785 653 916 701 sinu.
978 652 1113 702 Tum
1136 652 1306 701 fallere
1328 651 1498 701 sollers

239 730 488 793 Apposita
503 731 714 780 intortos
733 732 959 781 extendit
978 731 1153 796 regula
1175 746 1351 790 mores,

238 808 305 858 Et
323 809 565 873 premitur
584 811 775 860 ratione
795 812 1006 873 animus,
1026 812 1255 875 vincique
1275 810 1485 871 laborat,

238 888 597 952 Artificemque
616 895 702 938 tuo
722 889 860 939 ducit
880 890 973 938 sub
992 888 1170 954 pollice
1192 889 1396 939 vultum.

238 967 421 1016 Tecum
441 969 623 1018 etenim
644 968 817 1034 longos
837 969 1037 1017 memini
1060 983 1347 1018 consumere
1370 968 1513 1029 soles,

237 1047 305 1097 E't
325 1055 486 1097 tecum
508 1048 696 1112 primas
712 1047 872 1112 epulis
891 1048 1155 1113 decerpere
1172 1057 1368 1111 noctes3

238 1127 406 1177 Unum
428 1142 570 1192 opus,
588 1136 641 1178 et
660 1129 881 1192 requiem
899 1129 1088 1192 pariter
1107 1128 1411 1194 disponimus
1433 1127 1595 1181 ambo,

239 1208 409 1273 Atque
430 1207 703 1260 verecunda
723 1207 951 1258 laxemus
970 1210 1100 1258 seris
1117 1224 1304 1259 mense.

239 1286 353 1337 Non
373 1287 600 1352 equidem
623 1288 715 1337 hoc
733 1288 943 1348 dubites,
964 1288 1220 1337 amborum
1244 1288 1439 1338 foedere
1459 1298 1593 1337 certo

239 1366 529 1417 Consentire
549 1366 669 1427 dies,
690 1375 743 1416 et
762 1368 826 1415 ab
845 1382 945 1416 uno
965 1362 1293 1431 siderejiluci3

241 1447 426 1497 Nostra
447 1448 527 1497 vel
548 1447 745 1511 aequali
766 1447 1021 1512 suspendit
1038 1455 1262 1512 tempora
1282 1447 1436 1497 Libra

239 1527 399 1577 Parca
414 1536 567 1577 tenax
586 1528 707 1588 veri,
728 1542 815 1577 sen
834 1534 954 1576 nata
973 1526 1202 1576 fidelibus
1224 1527 1349 1576 hors

241 1607 433 1657 Dividit
454 1608 509 1657 in
533 1606 770 1657 Geminos
790 1607 1052 1657 concordis
1073 1607 1179 1656 fata
1199 1606 1426 1665 duorum,

243 1688 609 1752 Summumque
630 1702 831 1752 gravem
854 1695 1024 1736 nostro
1043 1687 1162 1737 Iove
1184 1687 1461 1750 frangimus
1481 1702 1581 1734 una
1595 1708 1609 1736 z

243 1767 423 1818 Nescio
454 1768 602 1833 quod,
636 1775 770 1817 certe
802 1776 895 1829 est,
927 1768 1062 1832 quod
1091 1782 1171 1816 me
1203 1767 1294 1816 tibi
1327 1776 1583 1831 temperat,

433 1855 709 1898 astrum.—

241 1929 317 1979 At
335 1936 387 1978 te
404 1929 660 1977 nocturnis
680 1917 820 1977 iuvet
840 1927 1177 1992 impallescere
1198 1926 1418 1976 chartis:

240 2007 417 2058 Cultor
434 2009 567 2057 enim
589 2009 817 2057 iuvenum
838 2015 1079 2072 purgatas
1101 2008 1275 2056 inseris
1296 2020 1442 2055 aures

243 2085 409 2152 Fruge
421 2084 709 2136 Cleanthes.
759 2085 923 2135 Petite
936 2085 1050 2136 hinc
1070 2086 1369 2148 iuvenesque
1392 2098 1628 2146 senesque⁸

245 2165 417 2215 Finem
440 2167 606 2213 animo
626 2172 832 2225 certum,
852 2166 1143 2229 miserisque
1163 2165 1347 2216 viatica
1366 2165 1520 2214 canis.

242 2250 258 2274 ⁴
279 2245 408 2297 cm
437 2246 533 2294 hoc
564 2244 886 2294 fiet.’—Idem
918 2261 1031 2294 cras
1062 2245 1242 2294 fleu—⁶
1262 2244 1411 2305 Quid,
1443 2246 1583 2308 quasi

435 2340 687 2389 magnum,

244 2404 436 2469 Nempe
460 2404 587 2453 diem
610 2404 763 2453 donas
777 2403 986 2453 1³²—Sed
999 2419 1111 2452 cum
1134 2403 1224 2452 lux
1244 2403 1400 2451 ultera
1421 2403 1570 2461 venit,

246 2484 353 2534 Ism
373 2499 484 2532 cras
505 2483 788 2532 hesternum
812 2485 1200 2547 consumsimus3
1233 2498 1343 2531 ecce
1364 2481 1499 2530 aliud
1517 2498 1627 2531 cras

248 2564 423 2630 Egerit
444 2563 536 2612 hos
557 2578 728 2623 annos,
749 2570 801 2611 et
822 2578 1017 2628 semper
1038 2562 1241 2627 paulum
1261 2563 1359 2611 erit
1376 2561 1523 2611 ultra.

247 2642 379 2693 Nam
400 2643 628 2708 quemvis
645 2657 799 2707 prope
818 2650 886 2702 te,
907 2643 1130 2706 quamvis
1153 2650 1347 2690 temone
1368 2641 1462 2690 sub
1482 2657 1583 2689 uno

251 2722 543 2772 vertentem
564 2737 668 2771 sese
690 2721 881 2771 frustra
902 2722 1152 2771 sectabere
1171 2721 1422 2780 canthum,

246 2801 377 2853 Cum
397 2810 511 2852 rota
532 2805 778 2868 posterior
796 2817 984 2862 curras,
1005 2810 1058 2850 et
1077 2802 1130 2849 in
1151 2816 1246 2849 axe
1266 2800 1495 2849 secundo.

922 2888 1023 2934 Sat.
1043 2895 1097 2932 v,
1123 2896 1169 2931 ν.
1197 2884 1375 2945 26=513
1409 2885 1570 2929 62-72.
