2100 3500
473 436 612 479 PER
623 435 967 478 VJGJLIUM
1017 432 1345 476 VENERIS.
1503 449 1595 493 325

276 528 382 577 Nec
394 528 546 579 Ceres
557 543 646 576 nec
654 526 878 575 Bacchus
891 527 1072 575 absunt
1092 542 1183 574 nee
1196 534 1449 590 poetarum
1463 526 1594 576 deus.

278 609 559 657 Detinenda
580 616 686 657 tota
709 588 816 667 1:033
833 618 925 668 est,
943 607 1268 671 perviglanda
1290 608 1506 654 canticis.

275 689 470 752 Regnet
490 690 543 736 in
557 687 694 737 silvis
715 688 893 749 Dione,
915 695 973 736 tu
994 688 1167 736 reeede
1191 686 1349 734 Delia.

208 770 337 818 Cras
365 777 496 817 amet
522 770 610 832 qui
635 784 889 832 nunquam
916 770 1119 831 amavit,
1142 769 1324 832 quique
1352 769 1534 815 amavit

403 865 514 896 cras
537 857 680 897 amet.

276 929 428 976 Iussit
445 928 683 997 Hyblaeis
705 927 921 977 tribunal
942 936 1075 976 stare
1099 928 1213 977 diva
1229 927 1446 975 floribus.

276 1007 483 1055 Praeses
506 1009 612 1071 ipsa
633 1009 743 1056 iura
765 1009 910 1065 dicet,
932 1006 1226 1055 adsidebunt
1248 1006 1468 1056 Gratiae.

280 1086 449 1150 Hybla
461 1092 589 1136 totos
610 1087 760 1135 funde
776 1088 939 1149 flores,
953 1087 1192 1152 quidquid
1209 1102 1366 1134 annus
1388 1085 1592 1134 adtulit:

279 1165 449 1230 Hybla
487 1166 665 1214 florum
705 1182 842 1215 sume
878 1176 1079 1227 vestem,
1113 1175 1326 1230 quantus
1361 1166 1557 1213 Aetnae

402 1262 603 1311 campus
623 1254 710 1296 est.

280 1325 434 1379 Ruris
456 1326 539 1374 hio
559 1335 706 1375 erunt
726 1326 918 1391 puellae
945 1325 1019 1373 vel
1039 1326 1232 1390 puellae
1253 1326 1489 1372 montium

278 1405 516 1468 Quaeque
537 1405 684 1454 silvas
706 1421 928 1470 quaeque
955 1406 1091 1454 lucos
1119 1419 1343 1470 quaeque
1371 1405 1531 1454 fontes

407 1485 640 1534 incolunt.

244 1564 248 1568 ’
278 1565 432 1613 Iussit
453 1581 621 1613 omnes
644 1566 864 1614 adsidere
887 1573 1045 1614 mater
1063 1566 1195 1613 alitis
1215 1565 1311 1624 dei,

279 1645 438 1693 Iussit
458 1654 508 1693 et
529 1646 661 1693 nudo
685 1646 869 1710 puellas
889 1646 958 1694 nil
983 1646 1152 1693 Amori
1172 1645 1383 1693 credere.

211 1724 337 1774 Cras
367 1734 498 1774 amet
530 1726 616 1790 qui
650 1737 910 1790 nunquam
937 1727 1139 1786 amavit,
1174 1727 1363 1790 quique
1399 1727 1581 1773 amavit

404 1821 514 1854 cras
535 1813 678 1855 amet.

277 1885 403 1933 Ecce
424 1886 521 1933 iam
542 1885 710 1935 subter
730 1893 957 1951 genestae
980 1886 1230 1950 explicant
1251 1887 1382 1935 tauri
1401 1886 1549 1944 latuS,

277 1964 498 2028 Quisque
519 1973 657 2014 tutus
678 1981 777 2029 quo
799 1974 995 2014 tenetur
1016 1966 1266 2030 coniugali
1288 1966 1508 2014 foedere:

280 2043 461 2094 Subter
468 2045 667 2094 umbras
679 2061 791 2093 eum
806 2047 969 2095 mariti
977 2063 1001 2094 s
1016 2061 1129 2095 ecce
1140 2046 1392 2093 balantum
1405 2061 1592 2109 greges

277 2124 343 2172 Et
362 2139 568 2173 canoras
586 2140 685 2173 nou
706 2131 867 2174 tacere
887 2125 1000 2174 diva
1019 2127 1165 2174 iussit
1183 2126 1335 2174 alites,

276 2202 385 2250 Iam
399 2203 626 2266 loquaces
643 2219 727 2252 ore
742 2219 891 2253 rauco
904 2214 1080 2270 stagna
1098 2208 1241 2271 cycni
1254 2214 1593 2269 perstrepunt:

277 2283 507 2331 Adsonat
529 2284 674 2332 Terei
695 2284 859 2348 puella
882 2286 1049 2333 subter
1069 2286 1294 2334 umbram
1314 2284 1501 2349 populi,

279 2361 352 2411 Ut
376 2371 516 2426 putes
536 2372 699 2412 motus
723 2366 904 2413 amoris
925 2380 1011 2412 ore
1035 2365 1137 2413 dici
1157 2367 1343 2412 musico

282 2441 351 2490 Et
373 2457 523 2506 neges
545 2444 685 2506 queri
706 2458 922 2492 sororem
946 2444 1006 2492 de
1028 2446 1208 2493 marito
1229 2445 1458 2493 barbaro.

276 2521 559 2578 Illacantat,
567 2523 1165 2583 nostwemuse-Quando
1174 2540 1260 2572 ver
1268 2526 1400 2572 venit
1409 2524 1596 2571 meum?

282 2601 493 2660 Quando
514 2601 627 2649 fiam
652 2605 728 2650 uti
748 2603 970 2651 ehelidon
992 2612 1042 2653 et
1067 2613 1228 2652 tacere
1249 2604 1467 2651 desinam
1483 2605 1506 2649 ἰ’

279 2679 482 2729 Perdidi
506 2677 702 2729 Musam
726 2669 932 2731 taoeudo
953 2699 1041 2731 nee
1064 2699 1142 2730 me
1166 2682 1349 2745 Apollo
1372 2684 1596 2745 respicit:

281 2760 364 2808 Sic
386 2759 646 2822 AmyclaS,
667 2776 779 2809 cum
800 2768 1037 2822 tacerent,
1061 2761 1276 2824 perdidit
1297 2762 1561 2810 silentium-

219 2837 343 2888 Cras
378 2849 511 2887 amet
544 2841 629 2902 qui
676 2856 925 2906 nunquam
960 2843 1161 2897 amavit,
1201 2842 1384 2903 quique
1420 2843 1600 2889 amavit

413 2935 524 2968 eras
546 2926 691 2968 amet.
