2100 3500
744 416 1143 461 nemum.
1585 422 1643 478 Β,

248 512 333 561 At
353 525 527 559 secura
547 510 690 573 quies
708 516 759 559 et
781 511 947 560 nescia
968 510 1140 559 fallere
1161 509 1283 570 vita,

247 590 410 639 Dives
431 605 578 653 opum
600 590 869 653 variarum,
890 597 944 639 at
962 589 1078 639 latis
1098 590 1201 638 otia
1223 587 1409 649 fundis,

248 668 550 732 Speluncae,
572 670 770 733 vivique
791 669 946 726 lacus,
968 677 1023 719 at
1042 669 1227 734 frigida
1248 674 1426 728 tempe,

250 747 582 813 Mugitusque
601 747 748 797 boum
790 747 1057 812 mollesque
1079 747 1170 797 sub
1193 748 1368 796 arbore
1389 748 1547 796 somni

250 828 371 876 Non
393 828 607 892 absunt3
639 828 738 877 illic
761 828 916 878 saltus
934 844 992 878 ac
1011 828 1171 877 lustra
1193 827 1425 888 ferarum,

247 908 324 956 Et
344 909 536 971 patiens
554 922 758 971 operum
780 910 1062 974 exiguoque
1084 908 1292 957 adsueta
1311 908 1553 961 iuventus.

251 987 413 1037 Sacra
431 988 596 1044 deum,
615 988 869 1051 sanctique
889 997 1089 1052 patres3
1124 995 1348 1036 extrema
1369 1002 1460 1052 per
1484 986 1609 1046 illof.

249 1068 455 1116 Iustitia
475 1066 716 1115 excedens
737 1069 886 1116 terris
911 1068 1119 1132 vestigia
1140 1067 1270 1115 fecit.

321 1146 407 1195 Me
426 1162 543 1197 vero
561 1148 776 1211 primum
796 1146 964 1197 dulces
986 1155 1104 1197 ante
1124 1148 1291 1196 omnia
1315 1146 1513 1206 Musae,

248 1223 479 1283 Quarum
501 1238 642 1272 sacra
664 1223 767 1272 fero
788 1223 979 1288 ingenti
1001 1238 1265 1288 percussus
1287 1238 1472 1284 amore,

248 1303 536 1367 Accipient,
558 1301 779 1366 caelique
799 1304 904 1351 vias
926 1310 978 1351 et
996 1302 1161 1352 sidera
1182 1309 1473 1365 monstrent,

250 1382 493 1431 Defectus
517 1382 636 1432 solis
657 1383 840 1444 varios,
862 1381 1107 1445 lunaeque
1127 1381 1349 1443 labores;

252 1460 405 1509 Unde
426 1469 612 1510 tremor
631 1461 797 1523 terris,
819 1477 919 1526 qua
940 1463 990 1510 vi
1010 1462 1171 1510 maria
1193 1461 1296 1510 alta
1318 1469 1594 1511 tumescant

247 1537 494 1589 Obicibus
531 1541 689 1605 ruptis
709 1556 981 1605 rursusque
1005 1543 1057 1590 in
1080 1557 1132 1589 se
1154 1543 1264 1606 ipsa
1285 1541 1520 1595 residant,

248 1619 388 1679 Quid
410 1627 601 1669 tantum
626 1620 820 1670 Oceano
840 1628 1107 1686 properent
1127 1636 1179 1670 se
1202 1622 1424 1686 tinguere
1447 1620 1573 1669 soles

248 1699 480 1760 Hiberni,
499 1699 576 1749 rel
598 1716 727 1764 quae
751 1701 910 1750 tardis
932 1715 1077 1749 mora
1100 1700 1324 1749 noctibus
1347 1700 1523 1750 obstet.

251 1778 362 1840 Sin,
384 1778 476 1828 has
497 1795 560 1829 ne
582 1781 764 1844 possim
787 1789 999 1830 naturae
1021 1781 1251 1830 accedere
1271 1782 1446 1845 partis,

252 1857 490 1924 Frigidus
509 1859 760 1910 obstiterit
779 1862 966 1911 circum
988 1861 1276 1926 praecordia
1296 1860 1514 1925 sanguis,

253 1937 394 1988 Bura
412 1940 537 1989 mihi
556 1947 608 1989 et
628 1941 760 2005 rigui
783 1940 1010 2005 placeant
1031 1942 1084 1989 in
1106 1940 1317 1990 vallibus
1340 1956 1527 2001 amnes,

236 2006 481 2075 Flumina
499 2035 657 2069 amem
674 2020 923 2085 silvasque
947 2020 1200 2085 inglorius.
1268 2020 1331 2082 O,
1354 2020 1439 2069 ubi
1458 2020 1617 2085 campi

252 2096 642 2163 Spercheosque,
663 2107 716 2150 et
734 2100 1006 2166 virginibus
1028 2099 1267 2149 bacchata
1288 2099 1528 2148 Lacaenis

248 2177 494 2244 Taygeta,
527 2198 577 2248 ο,
613 2180 700 2244 qui
722 2196 801 2229 me
821 2180 997 2245 gelidis
1018 2180 1320 2229 convallibus
1342 2181 1519 2228 Haemi

250 2257 422 2320 Sistat,
442 2267 493 2309 et
516 2261 705 2324 ingenti
726 2275 977 2310 ramorum
998 2268 1230 2326 protegat
1252 2261 1426 2309 umbra
1439 2262 1464 2310 ?

246 2338 410 2401 Felix,
425 2341 514 2403 qui
534 2341 697 2403 potuit
714 2355 881 2389 rerum
906 2356 1197 2405 cognoscere
1220 2355 1416 2400 causas,

246 2418 418 2482 Atque
437 2426 599 2467 metus
618 2420 778 2468 omnis
797 2427 851 2468 et
872 2420 1173 2469 inexorabile
1196 2420 1353 2469 fatum

248 2498 467 2549 Subiecit
486 2498 692 2564 pedibus
710 2501 1066 2565 strepitumque
1088 2500 1386 2550 Acherontis
1408 2503 1571 2551 avari!

246 2577 548 2628 Fortunatus
567 2586 620 2627 et
640 2578 737 2635 ille,
757 2579 875 2628 deos
897 2580 984 2643 qui
1007 2581 1147 2628 novit
1167 2580 1396 2645 agrestis,

246 2657 480 2721 Panaque
492 2657 844 2721 Silvanumque
857 2674 1022 2707 senem
1037 2658 1396 2723 Nymphasque
1410 2674 1621 2712 sorores.

245 2736 389 2786 Illum
412 2752 511 2787 non
530 2737 700 2801 populi
723 2737 897 2795 fasces,
920 2753 1017 2786 non
1040 2754 1264 2803 purpura
1284 2755 1459 2804 regum

245 2816 410 2866 Flexit
429 2824 482 2865 et
500 2815 680 2865 infidos
701 2817 897 2881 agitans
918 2815 1163 2865 discordia
1183 2817 1381 2875 fratres,
