2100 3500
441 447 534 492 334
727 431 1191 475 ANTHOLOGIA
1245 431 1529 474 LATINA.

439 521 586 571 Unde
603 523 883 587 cupidineus
903 524 1116 573 armavit
1134 524 1267 572 fama
1282 526 1507 588 sagittas.

439 600 581 650 Mille
598 603 871 666 phaoetrati
892 603 1071 654 ludunt
1091 604 1145 653 in
1163 606 1386 668 margine
1407 605 1603 666 fratres,

440 681 543 731 Ora
561 699 721 746 pares,
741 684 923 732 similes
943 684 1133 746 babitu,
1152 700 1276 750 gens
1296 686 1454 734 mollis
1473 686 1728 736 Amorum.

440 762 547 811 Hos
568 765 813 828 nymphae
833 767 1060 829 pariunt:
1093 765 1233 814 illum
1259 765 1430 814 Venus
1451 781 1604 814 aurea
1625 766 1781 814 solum

439 842 624 894 Edidit.
697 845 788 893 Ille
808 845 941 894 Deos
961 846 1249 909 caelumque
1268 853 1321 896 et
1340 845 1502 895 sidera
1521 862 1675 894 cornu

440 923 719 988 Temperat,
740 932 790 974 et
810 941 1025 974 summos
1045 925 1281 988 dignatur
1299 926 1451 989 figere
1465 941 1607 992 reges
1627 945 1641 975 ε

440 1006 511 1054 Hi
528 1005 719 1070 plebem
741 1007 937 1056 feriunt.
1009 1006 1116 1055 Neo
1135 1021 1298 1055 oe·era
1318 1008 1523 1055 numina
1542 1006 1736 1056 desunt.

440 1085 535 1134 fflc
555 1085 747 1135 habitat
764 1086 901 1135 nullo
918 1088 1185 1136 constricta
1204 1087 1428 1136 Licentia
1446 1088 1591 1148 nodo,

439 1166 508 1214 Et
525 1165 656 1216 flecti
676 1167 844 1216 faciles
863 1167 992 1229 Irae,
1013 1168 1222 1232 vinoque
1241 1167 1497 1216 madentes

439 1246 710 1309 Excubiae,
730 1246 1079 1311 Iam-imaeque
1098 1248 1262 1309 rudes,
1283 1257 1335 1297 et
1350 1256 1527 1312 gratus
1546 1258 1803 1298 amantum

439 1327 623 1389 Pallor,
642 1335 694 1375 et
714 1329 766 1375 in
786 1328 959 1391 primis
978 1329 1200 1378 titubans
1220 1328 1448 1377 Audacia
1467 1328 1634 1386 furtis,

437 1408 743 1471 Iucundique
764 1407 949 1469 Metus,
968 1416 1021 1457 et
1039 1424 1141 1458 non
1160 1424 1336 1458 secura
1357 1408 1604 1474 Voluptas
1620 1429 1638 1474 3

439 1488 507 1536 Et
526 1488 709 1537 lasciva
727 1488 893 1537 volant
912 1487 1101 1538 levibus
1122 1488 1348 1538 Periuria
1368 1491 1541 1540 ventis.

438 1567 575 1627 Quos
591 1569 721 1618 inter
738 1569 966 1633 petulans
997 1569 1101 1618 alta
1120 1571 1306 1619 oei-vioe
1323 1569 1560 1619 Iuventas

439 1648 675 1698 Excludit
697 1647 898 1698 Senium
917 1649 1042 1700 luoo.
1111 1650 1293 1699 Procul
1314 1651 1443 1699 atria
1466 1651 1623 1699 Divae

439 1730 731 1780 Pei-mutant
750 1730 929 1792 radios,
949 1731 1173 1795 silvaque
1190 1731 1418 1781 obstante
1437 1733 1704 1781 virescunt.

437 1812 670 1861 Lemnius
686 1813 806 1861 haee
826 1814 975 1861 etiam
992 1813 1199 1875 gemmis
1219 1813 1471 1862 exstruxit
1491 1821 1543 1861 et
1563 1829 1701 1871 auro,

443 1894 728 1942 Admisoens
749 1900 905 1942 artem
923 1894 1102 1957 pretio,
1123 1893 1444 1957 trabibusque
1462 1894 1737 1956 smaragdis

438 1974 704 2038 Supposuit
722 1989 888 2023 caesas
908 1974 1166 2036 hyacinthi
1185 1989 1309 2039 rupe
1328 1974 1595 2024 columnas.

436 2054 635 2118 Beryllo
656 2055 836 2118 paries,
854 2061 907 2103 et
928 2054 1116 2117 iaspide
1134 2055 1326 2104 lubrica
1346 2063 1560 2119 surgunt

437 2134 630 2183 Limina
645 2134 995 2198 despectusque
1014 2135 1121 2185 solo
1139 2135 1360 2185 ealeatur
1380 2135 1595 2185 achates.

436 2215 498 2263 In
518 2214 678 2264 medio
698 2214 855 2277 glebis
875 2216 1205 2266 redolentibus
1226 2231 1344 2266 area
1363 2217 1499 2265 dives

440 2295 649 2345 Praebet
667 2297 897 2348 odoratas
915 2313 1112 2347 messes.
1178 2297 1277 2347 Hie
1296 2298 1430 2347 mitis
1450 2298 1648 2357 amomi,

436 2378 535 2429 Hie
552 2381 713 2429 ousiae
727 2386 925 2428 matura
942 2392 1102 2442 seges,
1122 2378 1480 2441 Panchaeaque
1503 2385 1706 2440 turgent

435 2460 704 2524 cinnama,
736 2475 826 2509 nec
846 2460 977 2509 siooa
996 2458 1316 2510 frondescunt
1336 2460 1520 2507 vimina
1533 2459 1778 2521 acanthog

435 2540 696 2605 Tardaque
716 2540 916 2590 sudanti
936 2547 1208 2605 pmrepunt
1227 2539 1449 2589 bdsama
1469 2539 1622 2601 ligno.

652 2620 728 2669 De
746 2621 947 2685 Nuptiis
973 2620 1183 2671 Honor-ii
1202 2624 1249 2669 a
1267 2620 1482 2682 Mae-iae,
1503 2636 1551 2672 v.
1581 2625 1741 2669 49-96.
