2100 3500
696 444 1094 487 mammos.
1529 447 1587 504 87

209 538 328 602 lpse
347 535 451 585 dies
473 538 633 601 agitat
653 536 820 599 festos,
844 537 1081 600 fususque
1102 551 1192 600 per
1209 535 1433 595 herbam,

212 616 354 680 ignis
374 614 461 663 ubi
482 617 531 664 in
556 615 717 663 medio
736 623 788 664 et
807 617 923 664 socii
942 624 1137 664 cratera
1155 622 1406 675 coronant,

208 695 305 756 Te,
328 695 504 751 libana,
525 694 735 756 Lenaee,
755 704 913 752 vocat,
937 696 1223 759 pecorisque
1245 695 1495 758 magistris

207 773 418 821 Velocis
439 773 585 820 iaculi
605 774 876 821 certamina
893 775 1033 837 ponit
1054 774 1106 821 in
1128 773 1277 831 ulmo,

214 853 538 916 corporaque
559 854 746 916 agresti
766 852 954 900 nudant
973 852 1223 916 praedura
1243 851 1531 914 palaestrae.

214 932 361 979 Hanc
381 930 499 978 oiim
519 940 710 979 veteres
731 931 881 979 vitam
903 931 1097 980 coluere
1123 929 1312 989 Sabini,

210 1012 358 1060 Hanc
379 1011 563 1059 Remus
585 1018 638 1059 et
658 1010 831 1068 frater,
854 1013 924 1059 sic
947 1011 1093 1059 fortis
1116 1011 1321 1059 Etruria
1342 1011 1497 1059 crevit

210 1091 410 1139 Scilicet
429 1097 480 1138 et
501 1104 667 1137 rernm
688 1090 820 1138 facta
838 1097 915 1138 est
935 1089 1267 1153 pulcherrima
1286 1089 1462 1151 Roma,

213 1170 511 1235 Septemque
532 1184 630 1217 una
651 1169 746 1217 eibi
767 1184 910 1217 muro
928 1169 1250 1218 circumdedit
1270 1184 1422 1219 arces·

210 1251 351 1297 Ante
372 1251 522 1297 etiam
541 1256 789 1313 sceptrum
811 1249 1006 1296 Dictaei
1028 1250 1160 1313 regis
1198 1256 1250 1298 et
1269 1258 1383 1298 ante

211 1329 374 1391 Impia
396 1344 544 1391 quam
564 1330 719 1377 caesis
741 1344 862 1393 gens
881 1334 959 1376 cat
977 1328 1178 1392 epulata
1198 1331 1428 1390 iuvenciS,

210 1410 415 1456 Aureus
435 1408 561 1457 hanc
580 1409 728 1456 vitam
753 1411 805 1457 in
827 1410 972 1457 terris
996 1407 1238 1458 Saturnus
1260 1410 1436 1474 agebat
1450 1429 1476 1460 ε’

211 1488 435 1536 Necdum
456 1489 606 1536 etiam
625 1488 884 1537 audierant
902 1488 1066 1537 inflari
1084 1489 1302 1551 classica,
1324 1491 1527 1539 necdum
1571 1515 1576 1519 ·

198 1566 462 1633 Impositos
483 1567 622 1616 duris
643 1570 883 1633 crepitare
903 1569 1160 1618 incudibus
1179 1586 1333 1620 ennea.

1230 1666 1275 1698 v.
1299 1654 1525 1700 458-540.

830 1750 972 1787 LxxL

606 1839 898 1909 Georgicon
995 1839 1116 1892 Lib.
1143 1839 1211 1893 iii.

770 1953 1033 1999 Exordium.

402 2219 436 2275 «ξ
498 2210 676 2261 Pastor
697 2212 760 2261 ab
784 2213 1088 2279 AmphrysO,
1110 2229 1214 2277 voa,
1231 2215 1380 2264 silvae
1402 2231 1588 2264 amnes·

597 2307 693 2357 que
716 2292 911 2358 Lycaei.

211 2375 411 2434 Cetera,
434 2388 560 2436 quae
583 2388 759 2421 vacuas
781 2374 1049 2422 tenuissent
1069 2375 1282 2422 carmine
1302 2383 1504 2431 mentes,

213 2456 394 2504 Omnia
417 2455 514 2501 iam
535 2451 757 2516 volgata:
790 2454 900 2516 quis
921 2461 1010 2502 aut
1029 2453 1310 2519 Eurysthea
1330 2454 1525 2514 durum,

212 2535 324 2581 Aut
345 2530 584 2579 inlaudati
605 2533 762 2580 nescit
779 2529 1021 2580 Busiridis
1041 2549 1153 2581 aras
1172 2534 1195 2581 ἲ

212 2612 308 2662 Cui
332 2627 430 2659 non
453 2610 615 2659 dictus
636 2610 798 2675 Hylas
818 2627 944 2673 puer
963 2620 1014 2659 et
1036 2610 1246 2661 Latonia
1266 2611 1434 2672 Delos,

212 2690 626 2756 Hippodameque
660 2699 928 2747 umeroque
972 2691 1151 2756 Pelops
1168 2693 1372 2757 insignis
1387 2692 1591 2754 eburno,

208 2774 348 2824 Acer
368 2770 510 2835 equis
524 2769 549 2817 ⁴?
616 2768 922 2834 Temptanda
943 2773 1024 2820 via
1052 2780 1144 2828 est,
1167 2787 1265 2836 qua
1294 2787 1372 2820 me
1397 2788 1592 2839 quoque

401 2863 586 2917 poulm
