2100 3500
846 435 1158 478 OVIDIUS.
1587 448 1672 482 Ωιι

291 528 498 593 Iamque
521 534 712 591 patrem
744 526 1047 590 famulosque
1079 527 1236 591 patris
1266 525 1520 587 lucemque
1548 528 1683 575 time·

484 609 613 657 bam.

355 689 669 754 Expulerunt
690 703 883 736 somnos
904 688 1028 736 haec
1049 703 1160 736 mea
1181 688 1312 736 dieta
1335 697 1457 747 tuos,

290 774 305 798 ‘
326 771 489 835 Surge
511 785 621 834 age,
640 768 830 829 Belide,
850 768 912 817 de
932 777 1006 817 tot
1025 768 1170 816 modo
1191 768 1428 817 fratribus
1445 772 1600 819 unus!

358 850 477 899 Nox
500 849 609 909 tibi,
626 850 679 897 ni
700 863 954 913 properas,
975 849 1071 896 ista
1092 849 1322 912 perennis
1341 850 1469 897 erit?

292 928 521 977 Territus
542 929 781 991 exsurgis.
849 927 1003 990 Fugit
1023 928 1180 975 omnis
1199 928 1377 976 inertia
1397 929 1568 982 somni.

356 1009 556 1073 Aspicis
576 1009 629 1056 in
651 1007 823 1056 timida
844 1007 993 1056 fortia
1014 1007 1114 1056 tela
1133 1023 1298 1057 manu.

291 1089 562 1149 Quaerenti
579 1104 777 1137 eausam
798 1095 813 1117 ⁸
828 1089 942 1137 dum
965 1104 1067 1137 nox
1088 1089 1220 1143 sinit,
1243 1088 1429 1153 effuge'
1448 1089 1551 1139 dixi
1571 1111 1583 1140 =

356 1174 370 1196 ‘
385 1169 521 1217 Dum
537 1183 638 1217 nox
659 1177 770 1216 atra
791 1169 925 1229 sinit,
947 1175 1004 1216 tu
1025 1168 1175 1232 fugis,
1199 1168 1305 1232 ipsa
1324 1171 1519 1218 moron-‚³

292 1249 444 1298 Mane
458 1256 582 1303 erat,
601 1254 653 1297 et
673 1248 879 1296 Danaus
899 1263 1106 1313 generos
1127 1263 1190 1296 ex
1212 1249 1359 1296 caede
1380 1250 1582 1299 iacentis

357 1329 661 1378 Dinumerat.
730 1326 960 1376 Summae
976 1328 1193 1376 criminis
1215 1343 1341 1377 unus
1363 1329 1492 1379 abes,

294 1409 416 1457 Fert
435 1408 562 1457 male
583 1419 819 1472 cognatae
843 1409 1081 1456 iacturam
1102 1409 1276 1457 mortis
1296 1409 1347 1455 in
1369 1424 1485 1469 une,

356 1489 422 1537 Et
442 1488 665 1551 queritur
686 1487 805 1538 facti
827 1488 1081 1551 sanguinis
1102 1502 1208 1535 esse
1230 1503 1421 1552 parum.

296 1569 575 1617 Abstrahor
598 1584 630 1617 a
645 1568 821 1631 patriis
843 1567 1067 1631 pedibuS‚
1088 1577 1377 1632 raptamque
1398 1570 1651 1633 capillis-—

360 1648 495 1696 Haec
516 1648 695 1696 meruit
713 1647 874 1710 pietas
894 1648 1343 1711 praemia—carcer
1366 1647 1527 1696 habet..

293 1726 367 1777 At
390 1736 463 1789 tu,
483 1727 626 1791 siqua
646 1727 773 1790 piae,
795 1724 1014 1791 Lynoeu,
1037 1726 1127 1775 tibi
1148 1741 1267 1775 eura
1288 1728 1483 1784 sororia

356 1809 594 1870 Quaeque
615 1807 705 1855 tibi
725 1806 876 1855 tribui
895 1821 1118 1863 munera,
1140 1807 1319 1870 dignus
1341 1807 1508 1867 habes,

291 1887 391 1935 Vel
413 1886 492 1934 fer
509 1901 668 1950 opem,
688 1885 767 1934 vel
788 1885 910 1933 dede
932 1886 1052 1934 neci.
1120 1884 1462 1950 Defunctaque
1483 1888 1585 1936 vita

357 1967 576 2031 Corpora
596 1965 792 2014 furtivis
814 1966 1011 2030 insuper
1031 1965 1156 2013 adde
1177 1965 1329 2031 rogis.

293 2049 360 2096 Et
382 2047 533 2112 sepeli
552 2047 767 2097 lacrimis
787 2046 987 2109 perfusa
1008 2045 1232 2094 fidelibus
1251 2061 1382 2107 ossa,

359 2126 659 2189 Sculptaque
681 2126 781 2173 sint
801 2123 945 2173 titulo
965 2136 1137 2172 nostra
1155 2125 1410 2189 sepulchra
1430 2127 1584 2187 brevi,

291 2210 307 2236 ⁶
325 2205 453 2254 Exul
480 2206 1145 2271 Hypermnestra-pretium
1167 2208 1361 2268 pietatis
1384 2208 1665 2271 iniquum-—

357 2286 521 2346 Quam
543 2296 750 2334 mortem
770 2285 918 2334 fratri
939 2284 1144 2349 depulit,
1166 2285 1272 2349 ipsa
1292 2288 1435 2336 tulit!

294 2366 522 2416 Scribere
543 2366 689 2431 plura
709 2366 846 2415 libet.
916 2364 1012 2413 Sed
1033 2366 1248 2430 pondere
1270 2366 1407 2431 lapsa
1427 2376 1626 2423 catenae

356 2446 449 2495 Est
469 2460 662 2506 manus,
683 2452 735 2494 et
756 2447 883 2494 vires
905 2434 1153 2497 subtrahit
1172 2445 1276 2509 ipse
1297 2447 1454 2495 timor.

1359 2541 1401 2576 v.
1428 2531 1552 2576 1·50.
