2100 3500
739 393 744 400 ·
839 377 1150 423 07101118.
1588 396 1681 443 ⁸29

931 621 1098 657 oan.

784 726 935 780 Anna
959 726 1212 781 Perenna.

539 862 866 913 ACTATUR
887 865 1101 914 tumidas
1122 863 1239 913 exul
1260 862 1530 913 Phoenissa
1550 879 1657 930 per¹

694 945 870 1006 undas,

567 1020 844 1087 Umidaque
864 1025 1086 1088 opposita
1106 1023 1293 1072 lumina
1311 1031 1446 1074 veste
1471 1026 1614 1089 tegit.

295 1102 439 1152 Tunc
459 1104 671 1167 primum
694 1104 825 1152 Dido
847 1104 967 1153 felix
986 1111 1064 1153 est
1082 1103 1213 1153 dicta
1233 1104 1405 1161 sorori,

363 1181 429 1229 Et
450 1197 784 1247 quaecumque
804 1183 1018 1246 aliquam
1034 1198 1238 1247 corpore
1257 1183 1438 1246 pressit
1456 1182 1677 1234 humum.

298 1259 494 1323 Figitur
514 1260 577 1309 ad
598 1261 821 1311 Laurens
841 1264 1029 1328 ingenti
1050 1263 1246 1312 fiamine
1266 1263 1383 1312 litus

362 1341 563 1405 Puppis,
585 1348 637 1390 et
654 1343 890 1405 expositis
910 1341 1136 1391 omnibus
1156 1342 1334 1391 hausta
1355 1343 1498 1407 perit.

299 1420 404 1468 Iam
426 1421 536 1484 pius
555 1419 754 1471 Aeneas
775 1436 928 1486 reg-no
947 1429 1165 1487 nataque
1180 1421 1350 1471 Latini

362 1501 558 1550 Auctus
578 1506 703 1560 erat,
722 1500 927 1566 populos
946 1503 1306 1566 miscueratque
1327 1503 1466 1551 duos.

297 1577 467 1628 Litore
488 1578 638 1628 dotali
660 1579 761 1628 solo
780 1583 1040 1631 eomitatus
1062 1582 1258 1632 Achate

364 1658 615 1708 Sem-etum
637 1659 769 1707 nudo
785 1659 902 1708 dum
921 1660 1044 1725 pede
1064 1662 1228 1726 carpit
1250 1662 1362 1718 iter,

300 1736 499 1804 Aspicit
519 1746 781 1800 errantem,
800 1756 889 1790 nee
909 1741 1108 1791 eredere
1128 1742 1338 1791 sustinet
1356 1740 1558 1790 Annam

362 1819 499 1869 Esse.
570 1808 703 1879 Quid
721 1820 772 1868 in
793 1820 963 1870 Latios
986 1821 1074 1869 ina
1094 1823 1282 1870 veniret
1301 1836 1448 1886 agros
1468 1822 1492 1869 1⁶

301 1900 432 1948 Dum
441 1914 604 1948 seeum
622 1896 836 1961 Aeneas,
854 1903 1026 1948 ‘Anna
1036 1908 1114 1949 est
1130 1902 1142 1949 !
1160 1900 1173 1925 '
1190 1900 1435 1950 exclamat
1450 1900 1681 1950 Achates,

364 1977 450 2026 Ad
472 1993 648 2026 nomen
674 1979 837 2028 vultus
859 1980 1059 2028 sustulit
1079 1981 1167 2028 illa
1183 1996 1314 2032 suos.

301 2055 411 2117 Quo
425 2056 620 2122 fugiat?
643 2058 762 2117 quid
775 2059 925 2123 agat?
948 2075 1073 2122 quos
1086 2068 1247 2109 terrae
1259 2067 1468 2123 quaerat
1477 2060 1642 2109 hiatus
1660 2063 1684 2109 Ρ

366 2138 502 2185 Ante
522 2137 687 2186 oculos
705 2140 915 2187 miserae
935 2140 1039 2187 fata
1059 2142 1240 2190 sororis
1258 2149 1416 2191 erant.

304 2212 487 2273 Sensit,
502 2222 554 2264 et
574 2214 857 2279 adloquitur
878 2217 1124 2280 trepidam
1144 2217 1442 2283 Cythereius
1464 2219 1638 2270 heros=

365 2292 479 2343 Flet
496 2301 661 2342 tamen
680 2293 933 2344 admonitu
956 2304 1140 2358 motus,
1160 2298 1337 2356 Elissa,
1358 2300 1445 2348 tui.

303 2374 486 2431 ‘Anna,
494 2389 584 2438 per
600 2373 727 2424 hanc
742 2375 866 2429 iuro.
881 2391 1029 2440 quam
1042 2377 1287 2439 quondam
1304 2378 1474 2427 audire
1487 2377 1675 2426 solebas

357 2452 613 2501 Tellurem
634 2453 737 2501 fato
757 2456 1062 2518 prosperiore
1082 2455 1206 2517 dari,

303 2530 497 2594 Perque
517 2531 633 2580 deos
654 2533 872 2596 comites,
895 2534 989 2583 hae
1009 2550 1169 2599 nuper
1188 2534 1301 2583 sede
1322 2534 1525 2596 locatos,

367 2608 522 2676 Saepe
543 2626 677 2661 meas
696 2612 803 2661 illos
825 2615 1126 2678 increpuisse
1143 2629 1322 2663 moras.

304 2687 407 2739 Nec
429 2690 570 2738 timui
591 2689 653 2739 de
671 2700 827 2740 morte
847 2701 1037 2742 tamen:
1074 2700 1234 2741 metus
1255 2692 1383 2742 afuit
1403 2693 1510 2744 iste.

365 2769 467 2821 Hei
486 2772 635 2822 mihi!
672 2774 894 2823 credibili
912 2774 1094 2824 fortior
1116 2774 1203 2824 illa
1221 2773 1334 2827 fuit.
