2100 3500
495 418 579 463 ¹3²
775 397 1236 444 ANTHOLOGIA
1288 397 1576 441 LATINA.

488 493 600 542 Stat
620 507 710 541 sua
731 493 908 557 cuique
929 491 1034 541 dies
1055 510 1071 555 ς
1104 491 1254 540 breve
1271 497 1325 540 et
1343 489 1670 555 inreparabile
1682 485 1883 554 tempuk

492 572 730 621 Omnibus
752 580 831 621 est
847 573 1010 636 vitae3
1045 571 1133 619 sed
1153 572 1333 620 famam
1355 570 1621 619 extendere
1642 570 1807 631 factis,

493 651 600 700 Hoo
621 652 817 701 virtutis
836 666 974 715 opus.
1040 650 1221 699 Troiae
1240 649 1334 698 sub
1355 649 1609 699 moenibus
1629 649 1746 699 altis

491 731 590 781 Tot
608 732 748 797 gnati
767 731 985 781 cecidere
1005 730 1152 792 deum
1171 748 1186 794 3
1221 730 1342 794 quin
1360 729 1538 779 occidit
1556 745 1659 778 una

491 810 760 876 Sarpedon,
783 826 894 860 mea
912 811 1185 876 progenies.
1258 810 1425 858 Etiam
1447 824 1539 858 sna
1557 809 1789 860 Turnum

493 892 619 941 Fata
640 900 838 948 vocant,
856 897 1113 953 metasque
1133 889 1239 938 dati
1258 891 1483 954 pervenit
1498 890 1561 938 ad
1582 891 1706 941 aevi.
1853 893 1860 900 ‘

497 972 577 1022 Sic
599 972 687 1032 ait,
711 979 859 1035 atque
879 970 1045 1020 oculos
1067 969 1365 1019 Rutulorum
1381 970 1541 1019 reiicit
1557 971 1724 1036 arvisg

495 1054 569 1101 At
591 1052 756 1102 Pallas
776 1052 970 1116 magnis
989 1052 1170 1099 emittit
1190 1050 1377 1099 viribus
1395 1050 1610 1108 hastam,

497 1134 792 1197 Vaginaqne
807 1148 931 1182 cava
948 1131 1220 1196 fulgentem
1239 1130 1411 1196 diripit
1430 1146 1612 1181 ensem.

497 1213 592 1262 Illa
612 1212 798 1269 volans,
853 1212 1010 1260 umeri
1056 1218 1269 1276 surgunt
1286 1226 1388 1275 qua
1406 1212 1630 1275 tegmina
1649 1226 1861 1268 summa,

497 1288 693 1350 Incidit,
712 1297 862 1351 atque
881 1289 1011 1336 viam
1029 1286 1172 1351 clipei
1194 1286 1366 1335 molita
1383 1301 1473 1351 per
1490 1301 1623 1347 oras,

498 1367 721 1415 Tandem
740 1367 891 1416 etiam
910 1381 1092 1430 magno
1112 1366 1315 1416 strinxit
1334 1365 1397 1415 de
1416 1380 1619 1431 corpore
1639 1364 1817 1418 Turni.

499 1446 597 1495 Hie
617 1445 818 1496 Turnus
838 1446 970 1495 ferro
988 1446 1268 1510 praefixum
1287 1444 1439 1495 robur
1460 1451 1607 1494 sento

498 1528 560 1577 In
580 1526 809 1576 Pallanta
827 1526 915 1575 diu
932 1526 1119 1575 librans
1137 1526 1255 1575 iacit
1295 1532 1446 1590 atque
1465 1526 1538 1574 ita
1557 1524 1728 1575 fatur:

502 1606 703 1672 Aspice,
725 1622 845 1656 num
865 1621 1010 1671 mage
1028 1607 1098 1655 sit
1117 1613 1339 1656 nostrum
1358 1605 1658 1670 penetrabile
1678 1607 1847 1658 telum.

502 1687 744 1750 Dixerat3
779 1692 835 1738 at
852 1685 1079 1752 elipeum,
1102 1691 1176 1735 tot
1197 1685 1316 1734 ferri
1336 1692 1496 1750 terga,
1518 1691 1591 1735 tot
1612 1688 1759 1743 aeris,

503 1769 662 1827 Quem
682 1766 825 1832 pellis
845 1768 1023 1817 totiens
1042 1767 1190 1816 obeat
1207 1766 1507 1816 circumdata
1525 1767 1675 1828 tauri,

504 1849 736 1898 Vibranti
753 1845 968 1897 medium
985 1848 1153 1912 cuspis
1171 1845 1536 1896 transverberat
1555 1847 1677 1904 ictu,

503 1928 799 1992 Loricaeque
821 1942 985 1976 moras
1004 1935 1057 1977 et
1075 1934 1247 1992 peetus
1266 1927 1485 1992 perforat
1501 1928 1693 1992 ingens.

506 2010 601 2059 Ille
622 2012 755 2074 rapit
774 2007 987 2058 calidum
1009 2009 1199 2058 frustra
1217 2008 1279 2057 de
1296 2008 1491 2057 volnere
1509 2007 1664 2056 telum
1681 2025 1693 2055 =

504 2089 620 2140 Una
636 2090 904 2156 eademqne
925 2091 1006 2138 via
1026 2090 1229 2154 sanguis
1250 2090 1540 2152 animusque
1562 2094 1852 2152 sequnntur.

498 2173 703 2222 Corruit
723 2173 777 2221 in
796 2172 993 2233 volnus,
1015 2171 1233 2222 sonitum
1255 2183 1406 2233 snper
1427 2182 1570 2217 arma
1591 2167 1775 2217 dedere
1785 2185 1802 2229 ς

499 2250 567 2299 Et
589 2259 778 2299 terram
800 2248 1030 2299 hostilem
1054 2248 1271 2298 moriens
1290 2246 1421 2311 petit
1444 2259 1532 2294 ore
1553 2251 1783 2294 cruento.

499 2329 659 2390 Quem
684 2327 887 2377 Turnus
909 2343 1060 2392 super
1080 2326 1327 2375 adsistens

499 2406 745 2469 Arcades,
766 2407 905 2467 haec,
929 2406 1109 2470 inquit,
1132 2416 1511 2471 memores-mea
1534 2400 1671 2450 diota
1692 2398 1876 2450 referte

499 2484 765 2533 Euandroz
802 2482 1002 2547 qualem
1022 2482 1223 2542 meruit,
1247 2479 1483 2529 Pallanta
1506 2478 1726 2527 remitto.

499 2563 738 2627 Quisquis
757 2562 914 2612 honos
936 2559 1136 2620 tumuli,
1153 2557 1397 2624 quidquid
1414 2555 1634 2606 solamen
1655 2553 1895 2605 humandi

690 2647 780 2700 eat,

498 2716 728 2778 Largior.
801 2715 943 2764 Haut
965 2713 1039 2763 illi
1063 2713 1270 2764 stabunt
1291 2710 1488 2761 Aeneia
1509 2722 1667 2774 parvo

498 2792 747 2857 Hospitis.
819 2791 890 2840 Et
911 2791 1051 2841 laevo
1072 2791 1257 2857 pressit
1276 2788 1401 2856 pede
1423 2786 1547 2839 talia
1568 2785 1726 2845 fatus,
