2100 3500
513 403 607 457 338
800 396 1261 441 ANTHOLOGIA
1315 399 1399 440 LA
1415 400 1597 443 TINA.

513 487 759 540 cervicem
782 490 952 554 clipeo.
1018 489 1130 540 Stat
1150 491 1360 556 pallidus
1380 492 1575 556 hospite
1596 504 1773 559 magm

515 568 704 632 Pastor,
725 578 775 619 et
798 571 965 635 ignoto
984 571 1291 636 praeclarum
1309 574 1505 620 nomine
1530 572 1720 621 vultum

511 645 716 695 Rustica
733 647 948 695 sordenti
970 648 1197 711 genetrix
1218 648 1433 697 ostendit
1453 648 1669 698 alumno.

574 726 666 774 Illa
686 725 779 775 sub
795 726 1056 776 horrendis
1073 727 1320 792 praedura
1337 728 1518 777 cubilia
1538 729 1693 789 silvis,

509 803 587 851 Illi
610 803 701 852 sub
724 803 918 852 nivibus
938 805 1095 852 somni
1136 819 1380 868 curaeque
1421 804 1657 869 laborque

509 883 741 948 Pervigil,
760 883 888 932 hanc
906 885 1127 947 requiem
1147 885 1307 945 terris,
1330 883 1451 933 haec
1472 886 1574 933 otia
1594 886 1746 934 rebus

507 963 763 1028 Insperata
784 963 983 1012 dabant.
1023 963 1146 1012 Illae
1167 963 1276 1021 tibi,
1299 963 1475 1021 Roma,
1493 968 1700 1012 salutem

506 1037 719 1109 Alpinae
738 1059 973 1109 peperere
993 1059 1149 1093 casae.
1215 1042 1323 1091 Iam
1345 1043 1543 1092 foedera
1563 1056 1741 1108 gentes

507 1125 777 1184 Exuerant,
799 1123 1027 1187 Latiique
1049 1122 1219 1172 audita
1239 1122 1376 1171 clade
1397 1123 1582 1172 feroces

504 1204 787 1254 Vindelicos
804 1204 958 1253 saltus
979 1212 1030 1253 et
1051 1203 1235 1253 Norica
1259 1218 1376 1251 rura
1397 1202 1643 1253 tenebant.

504 1286 580 1333 Ac
603 1285 753 1333 veluti
776 1280 966 1346 famuli,
987 1283 1200 1332 mendax
1221 1298 1346 1346 quos
1365 1283 1538 1331 mortis
1555 1282 1690 1331 erilis

504 1365 719 1414 Nuntius
739 1366 791 1415 in
814 1364 988 1413 luxum
1010 1364 1137 1413 falso
1155 1378 1352 1412 rumore
1373 1363 1587 1420 resolvit,

503 1445 634 1494 Dum
655 1454 875 1494 marcent
891 1445 1063 1509 epulis,
1084 1452 1233 1507 atque
1254 1445 1383 1492 inter
1405 1445 1516 1492 vina
1535 1444 1807 1508 chorosque

499 1525 751 1575 Persultat
768 1526 936 1574 vacuis
955 1523 1144 1573 effrena
1162 1525 1361 1573 licentia
1384 1524 1542 1590 tectis,

498 1606 551 1655 Si
574 1606 798 1656 reducem
821 1606 1071 1655 dominum
1092 1607 1192 1653 fors
1214 1603 1479 1670 improvisa
1498 1607 1705 1669 revexit,

498 1686 720 1736 Haerent
738 1688 953 1749 attoniti,
970 1685 1346 1750 libertatemque
1367 1701 1575 1749 perosus

497 1764 706 1816 Conscia
727 1766 916 1815 servilis
934 1765 1223 1831 praecordia
1242 1766 1460 1814 concutit
1483 1765 1658 1814 horror
1686 1784 1700 1813 ε

498 1847 580 1896 Sic
600 1847 736 1896 ducis
756 1846 990 1911 adspectu
1010 1846 1175 1895 cuncti
1197 1854 1432 1909 stupuere
1452 1844 1672 1893 rebelles,
1684 1903 1698 1919 ·

939 1917 944 1924 ’
1067 1933 1141 1983 De
1155 1932 1294 1982 Bello
1317 1931 1499 1993 Getico,
1519 1946 1570 1981 v.
1592 1934 1815 1983 339—372.

1089 2129 1136 2168 0·
1155 2131 1298 2169 tm.

829 2303 832 2306 ,
877 2237 1102 2293 Stilicho
1130 2245 1301 2291 enters
1326 2236 1507 2289 Rome.

498 2339 866 2586 ffil’so
886 2366 1063 2417 'Roma
1096 2365 1195 2423 die,
1216 2379 1309 2414 nec
1342 2362 1505 2413 adhuc
1533 2357 1801 2411 ostenditur

511 2487 529 2522 e.
902 2456 1091 2509 auctor,
1558 2511 1561 2516 Ι

775 2529 1036 2579 Personuit
1059 2527 1251 2576 venisse
1271 2525 1445 2574 ducem
1464 2522 1708 2587 laetisque

493 2612 1003 2756 Vocibuffltslpigium
1022 2689 1147 2738 certi
1166 2688 1392 2752 plausere
1412 2680 1671 2746 triumphi,

493 2775 674 2824 Muniti
698 2771 966 2822 Stilichone
986 2783 1090 2818 suo.
1157 2765 1284 2826 Quis
1305 2763 1488 2831 gaudia
1506 2776 1626 2811 vero

492 2852 754 2917 Principis,
773 2849 1029 2914 amplexus
1049 2847 1238 2897 alacres
1252 2846 1362 2910 quis
1381 2843 1590 2893 disserat
1611 2833 1792 2889 aulae?
