2100 3500
516 443 606 485 218
799 436 1265 480 ANTHOLOGJA
1317 438 1610 481 LATINA.

514 532 558 577 A
569 544 684 577 urea
705 538 983 578 sanctorum
1002 531 1277 594 potuissent
1295 531 1478 596 templa
1495 532 1706 581 deorum

577 608 755 671 Urere,
776 624 901 673 quae
922 618 1116 658 tantum
1137 612 1414 660 sustinuere
1436 612 1592 661 nefas,

512 688 712 737 Avertit
731 688 894 737 vultus
915 689 1090 753 Erycis
1111 705 1238 753 quae
1258 691 1473 755 possidet
1494 707 1649 742 aroeS.

579 767 704 816 Sunt
728 783 937 831 quoque,
959 770 1047 832 qui
1071 768 1295 819 lacrimas
1315 771 1614 819 continuisse
1634 780 1840 836 negant.

517 846 615 896 Sed
636 857 800 896 tamen
820 848 912 896 hoc
929 847 1121 908 melius,
1143 864 1289 911 quam
1312 849 1355 897 si
1375 847 1621 898 Phaeacia
1643 850 1791 899 tellus

577 928 808 993 Ignotum
828 927 912 976 vili
935 929 1266 992 supposuisset
1286 928 1450 976 humo.

510 1005 646 1053 -Hinc
668 1013 800 1054 certe
819 1003 1038 1053 madidos
1060 1005 1294 1069 fugientis
1314 1006 1493 1069 pressit
1513 1005 1690 1055 ocellos

579 1084 759 1145 Mater,
781 1091 831 1132 et
851 1085 902 1131 in
923 1085 1110 1133 cineres
1132 1085 1306 1133 ultima
1326 1084 1455 1133 dona
1476 1086 1617 1135 tulit:

515 1163 646 1213 Hinc
667 1179 803 1213 soror
823 1165 874 1211 in
897 1171 1087 1228 partem
1110 1165 1289 1213 misera
1309 1180 1421 1214 cum
1437 1178 1594 1213 matre
1617 1164 1800 1214 doloris

579 1243 750 1302 Venit,
771 1245 1020 1292 inornatas
1042 1243 1281 1293 dilaniata
1301 1260 1488 1294 comas:

515 1320 738 1385 Cumque
759 1324 857 1370 tuis
879 1338 969 1371 sua
989 1324 1257 1372 iunxerunt
1277 1322 1596 1388 Nemesisque
1614 1325 1852 1389 priorque

580 1400 776 1463 Oscula,
800 1418 891 1450 nec
914 1402 1039 1451 solos
1067 1402 1329 1452 destituere
1349 1418 1507 1467 rogos.

516 1480 661 1530 Delia
682 1481 974 1530 descendens
995 1484 1011 1510 ‘
1028 1482 1218 1531 felicius
1233 1482 1249 1510 ’
1268 1483 1430 1546 inquit
1449 1484 1465 1510 ‘
1483 1489 1648 1530 amata

580 1560 697 1609 Sum
722 1560 825 1608 thi.
891 1560 1097 1619 Vixisti,
1115 1560 1231 1609 dum
1252 1567 1368 1609 tuus
1393 1563 1520 1625 ignis
1539 1562 1711 1608 eram!

516 1640 611 1691 Cui
627 1641 851 1689 Nemesis
866 1642 881 1668 ‘
894 1639 1013 1705 quid
1023 1642 1038 1667 '
1051 1642 1123 1689 ait
1141 1643 1155 1668 ‘
1167 1641 1259 1690 tibi
1271 1648 1385 1690 sunt
1399 1656 1509 1689 mea
1521 1641 1702 1689 damna
1712 1640 1899 1689 dolori?

580 1721 666 1771 Me
687 1722 845 1770 tenuit
864 1721 1078 1769 moriens
1099 1720 1353 1771 deficiente
1375 1722 1559 1769 manu)

518 1801 573 1851 Si
594 1810 756 1851 tamen
775 1818 803 1849 e
824 1803 966 1850 nobis
987 1801 1175 1865 aliquid
1198 1801 1292 1851 nisi
1313 1817 1488 1849 nomen
1509 1809 1559 1850 et
1577 1801 1757 1850 umbra

583 1883 773 1942 Restat,
794 1883 845 1929 in
868 1881 1038 1947 Elysia
1059 1881 1184 1930 valle
1207 1881 1429 1930 Tibullus
1451 1884 1564 1929 erit.

520 1962 704 2011 Obvius
723 1961 838 2010 huic
862 1962 1044 2023 venias,
1067 1961 1249 2010 hedera
1269 1961 1510 2010 iuvenalia
1530 1962 1722 2010 cinctus

583 2041 842 2105 Tempora,
866 2057 977 2089 cum
996 2040 1166 2097 Calvo,
1196 2040 1336 2088 docte
1356 2038 1567 2100 Catulle,
1588 2046 1692 2089 tuo,

521 2124 598 2171 Tu
622 2138 833 2185 quoque,
856 2123 896 2170 si
917 2121 1093 2170 falsum
1114 2130 1190 2170 est
1210 2122 1434 2169 temerati
1453 2121 1640 2168 crimen
1664 2121 1831 2183 amici,

585 2202 846 2267 Sanguinis
866 2210 1014 2266 atque
1036 2204 1228 2250 animae
1250 2200 1453 2265 prodige
1477 2198 1620 2249 Galle
1642 2206 1774 2248 tuae.

522 2283 617 2331 His
636 2297 795 2330 comes
814 2281 990 2329 umbra
1005 2290 1092 2330 tua
1111 2290 1198 2330 est.
1266 2280 1420 2345 Siqua
1436 2287 1511 2328 est
1525 2279 1669 2327 modo
1685 2282 1900 2345 corporis

709 2361 901 2421 umbra,

586 2442 790 2489 Auxisti
815 2455 1058 2501 numeros,
1079 2439 1209 2489 culte
1228 2439 1443 2501 Tibulle,
1464 2439 1585 2502 pios.

522 2523 648 2571 Ossa
671 2522 855 2585 quieta,
875 2534 1065 2584 precor,
1086 2526 1196 2568 tuta
1212 2519 1503 2581 requiescite
1525 2518 1575 2565 in
1599 2530 1745 2571 urna,

585 2600 652 2648 Et
669 2601 735 2650 sit
755 2598 934 2648 humus
952 2598 1107 2646 cineri
1129 2612 1227 2649 non
1244 2611 1450 2645 onerosa
1466 2597 1581 2644 tuo!

1246 2679 1376 2740 Eloq.
1400 2676 1471 2726 ix.
1495 2680 1633 2739 1·2o;
1673 2677 1823 2725 39-68
