<?xml version="1.0" encoding="UTF-8"?>
<!DOCTYPE html PUBLIC "-//W3C//DTD XHTML 1.0 Transitional//EN"
    "http://www.w3.org/TR/xhtml1/DTD/xhtml1-transitional.dtd">
<html xmlns="http://www.w3.org/1999/xhtml" xml:lang="en" lang="en">
 <head>
  <title>
</title>
<meta http-equiv="Content-Type" content="text/html;charset=utf-8" />
  <meta name='ocr-system' content='tesseract 3.04.00' />
  <meta name='ocr-capabilities' content='ocr_page ocr_carea ocr_par ocr_line ocrx_word'/>
</head>
<body>
  <div class='ocr_page' id='page_1' title='image "./anthologialatin03thacgoog_0206.png"; bbox 0 0 2100 3500; ppageno 0'>
   <div class='ocr_carea' id='block_1_1' title="bbox 458 882 703 1133">
    <p class='ocr_par' dir='ltr' id='par_1_1' title="bbox 458 882 703 1133">
     <span class='ocr_line' id='line_1_1' title="bbox 458 882 703 1133; baseline 0.037 -83"><span class='ocrx_word' id='word_1_1' title='bbox 458 882 703 1133; x_wconf 95' lang='lat' dir='ltr'><strong>   </strong></span> <span class='ocrx_word' id='word_1_2' title='bbox 684 1050 702 1059; x_wconf 95' lang='lat' dir='ltr'><strong> </strong></span> 
     </span>
    </p>
   </div>
   <div class='ocr_carea' id='block_1_2' title="bbox 468 423 1852 1137">
    <p class='ocr_par' dir='ltr' id='par_1_2' title="bbox 468 423 1852 1134">
     <span class='ocr_line' id='line_1_2' title="bbox 468 423 1561 474; baseline -0.004 0"><span class='ocrx_word' id='word_1_3' title='bbox 468 429 559 474; x_wconf 70' lang='lat'><strong>10⁶</strong></span> <span class='ocrx_word' id='word_1_4' title='bbox 758 423 1214 471; x_wconf 64' lang='lat' dir='ltr'><strong><em>ANTHOLOGIA</em></strong></span> <span class='ocrx_word' id='word_1_5' title='bbox 1264 428 1352 471; x_wconf 70' lang='lat' dir='ltr'><strong>LA</strong></span> <span class='ocrx_word' id='word_1_6' title='bbox 1364 428 1561 473; x_wconf 71' lang='lat' dir='ltr'><strong><em>TJNA.</em></strong></span> 
     </span>
     <span class='ocr_line' id='line_1_3' title="bbox 1042 669 1311 709; baseline 0.004 -2"><span class='ocrx_word' id='word_1_7' title='bbox 1042 669 1311 709; x_wconf 81' lang='lat' dir='ltr'><strong>cxxxvm.</strong></span> 
     </span>
     <span class='ocr_line' id='line_1_4' title="bbox 1066 783 1258 855; baseline 0.01 -17"><span class='ocrx_word' id='word_1_8' title='bbox 1066 783 1258 855; x_wconf 67' lang='lat' dir='ltr'><strong>Hyhzs.</strong></span> 
     </span>
     <span class='ocr_line' id='line_1_5' title="bbox 474 892 1852 1067; baseline -0.007 -95"><span class='ocrx_word' id='word_1_9' title='bbox 474 916 478 919; x_wconf 80' lang='grc'><strong>’</strong></span> <span class='ocrx_word' id='word_1_10' title='bbox 505 961 511 973; x_wconf 81' lang='grc'><strong>.</strong></span> <span class='ocrx_word' id='word_1_11' title='bbox 538 928 633 1047; x_wconf 49' lang='lat'><strong>:5</strong></span> <span class='ocrx_word' id='word_1_12' title='bbox 573 928 610 957; x_wconf 90' lang='lat'><strong>··</strong></span> <span class='ocrx_word' id='word_1_13' title='bbox 548 892 964 1067; x_wconf 46' lang='grc' dir='ltr'><strong>ἣΑΜΩΗΞῑ</strong></span> <span class='ocrx_word' id='word_1_14' title='bbox 992 908 1162 960; x_wconf 73' lang='lat' dir='ltr'><strong>ferunt</strong></span> <span class='ocrx_word' id='word_1_15' title='bbox 1188 909 1307 960; x_wconf 78' lang='lat' dir='ltr'><strong>oum</strong></span> <span class='ocrx_word' id='word_1_16' title='bbox 1333 910 1552 977; x_wconf 67' lang='lat' dir='ltr'><strong>Pagasas</strong></span> <span class='ocrx_word' id='word_1_17' title='bbox 1583 912 1852 963; x_wconf 68' lang='lat' dir='ltr'><strong>navalibm</strong></span> 
     </span>
     <span class='ocr_line' id='line_1_6' title="bbox 659 1003 1777 1137; baseline -0.001 -17"><span class='ocrx_word' id='word_1_18' title='bbox 659 1003 689 1067; x_wconf 36' lang='lat'>⁵</span> <span class='ocrx_word' id='word_1_19' title='bbox 777 1003 1043 1133; x_wconf 67' lang='lat' dir='ltr'><strong>Egressgaom</strong></span> <span class='ocrx_word' id='word_1_20' title='bbox 1065 1068 1210 1134; x_wconf 83' lang='lat' dir='ltr'><strong>longe</strong></span> <span class='ocrx_word' id='word_1_21' title='bbox 1229 1069 1507 1120; x_wconf 73' lang='lat' dir='ltr'><strong>Phasidos</strong></span> <span class='ocrx_word' id='word_1_22' title='bbox 1492 1087 1590 1121; x_wconf 76' lang='lat' dir='ltr'><strong>isse</strong></span> <span class='ocrx_word' id='word_1_23' title='bbox 1612 1072 1777 1137; x_wconf 81' lang='lat' dir='ltr'><strong>viam3</strong></span> 
     </span>
    </p>
   </div>
   <div class='ocr_carea' id='block_1_3' title="bbox 451 1149 1787 2895">
    <p class='ocr_par' dir='ltr' id='par_1_3' title="bbox 460 1149 1787 1295">
     <span class='ocr_line' id='line_1_7' title="bbox 460 1149 1787 1214; baseline 0.003 -15"><span class='ocrx_word' id='word_1_24' title='bbox 460 1151 639 1200; x_wconf 80' lang='lat' dir='ltr'><strong>Etiam</strong></span> <span class='ocrx_word' id='word_1_25' title='bbox 664 1150 943 1214; x_wconf 85' lang='lat' dir='ltr'><strong>praeteritis</strong></span> <span class='ocrx_word' id='word_1_26' title='bbox 964 1149 1209 1199; x_wconf 87' lang='lat' dir='ltr'><strong>labentem</strong></span> <span class='ocrx_word' id='word_1_27' title='bbox 1229 1149 1617 1201; x_wconf 71' lang='lat' dir='ltr'>Athamantidos</span> <span class='ocrx_word' id='word_1_28' title='bbox 1637 1152 1787 1203; x_wconf 79' lang='lat' dir='ltr'><strong>undis</strong></span> 
     </span>
     <span class='ocr_line' id='line_1_8' title="bbox 520 1228 1518 1295; baseline 0.001 -17"><span class='ocrx_word' id='word_1_29' title='bbox 520 1229 779 1295; x_wconf 84' lang='lat' dir='ltr'><strong>Mysorum</strong></span> <span class='ocrx_word' id='word_1_30' title='bbox 803 1228 1016 1293; x_wconf 82' lang='lat' dir='ltr'><strong>scopulis</strong></span> <span class='ocrx_word' id='word_1_31' title='bbox 1030 1228 1326 1294; x_wconf 73' lang='lat' dir='ltr'><strong>adplicuisse</strong></span> <span class='ocrx_word' id='word_1_32' title='bbox 1344 1239 1518 1279; x_wconf 82' lang='lat' dir='ltr'><strong>ratem.</strong></span> 
     </span>
    </p>

    <p class='ocr_par' dir='ltr' id='par_1_4' title="bbox 457 1308 1665 1456">
     <span class='ocr_line' id='line_1_9' title="bbox 457 1308 1665 1373; baseline 0.002 -14"><span class='ocrx_word' id='word_1_33' title='bbox 457 1310 555 1359; x_wconf 81' lang='lat' dir='ltr'><strong>Hic</strong></span> <span class='ocrx_word' id='word_1_34' title='bbox 574 1325 749 1359; x_wconf 86' lang='lat' dir='ltr'><strong>manus</strong></span> <span class='ocrx_word' id='word_1_35' title='bbox 771 1309 994 1371; x_wconf 87' lang='lat' dir='ltr'><strong>heroum,</strong></span> <span class='ocrx_word' id='word_1_36' title='bbox 1014 1308 1221 1373; x_wconf 85' lang='lat' dir='ltr'><strong>placidis</strong></span> <span class='ocrx_word' id='word_1_37' title='bbox 1238 1317 1297 1359; x_wconf 90' lang='lat' dir='ltr'><strong>ut</strong></span> <span class='ocrx_word' id='word_1_38' title='bbox 1315 1311 1536 1361; x_wconf 87' lang='lat' dir='ltr'><strong>constitit</strong></span> <span class='ocrx_word' id='word_1_39' title='bbox 1548 1313 1665 1369; x_wconf 80' lang='lat' dir='ltr'><strong>oris.</strong></span> 
     </span>
     <span class='ocr_line' id='line_1_10' title="bbox 519 1388 1502 1456; baseline 0.002 -18"><span class='ocrx_word' id='word_1_40' title='bbox 519 1388 695 1438; x_wconf 85' lang='lat' dir='ltr'><strong>Mollia</strong></span> <span class='ocrx_word' id='word_1_41' title='bbox 712 1388 981 1453; x_wconf 89' lang='lat' dir='ltr'><strong>composita</strong></span> <span class='ocrx_word' id='word_1_42' title='bbox 1001 1388 1147 1437; x_wconf 86' lang='lat' dir='ltr'><strong>litora</strong></span> <span class='ocrx_word' id='word_1_43' title='bbox 1168 1389 1343 1438; x_wconf 81' lang='lat' dir='ltr'><strong>fronde</strong></span> <span class='ocrx_word' id='word_1_44' title='bbox 1363 1391 1502 1456; x_wconf 80' lang='lat' dir='ltr'><strong>tegit.</strong></span> 
     </span>
    </p>

    <p class='ocr_par' dir='ltr' id='par_1_5' title="bbox 457 1469 1590 1613">
     <span class='ocr_line' id='line_1_11' title="bbox 457 1469 1590 1532; baseline 0.001 -13"><span class='ocrx_word' id='word_1_45' title='bbox 457 1472 531 1519; x_wconf 89' lang='lat' dir='ltr'><strong>At</strong></span> <span class='ocrx_word' id='word_1_46' title='bbox 548 1484 712 1519; x_wconf 87' lang='lat' dir='ltr'><strong>comes</strong></span> <span class='ocrx_word' id='word_1_47' title='bbox 731 1469 900 1517; x_wconf 83' lang='lat' dir='ltr'><strong>invicti</strong></span> <span class='ocrx_word' id='word_1_48' title='bbox 918 1469 1109 1518; x_wconf 83' lang='lat' dir='ltr'><strong>iuvenis</strong></span> <span class='ocrx_word' id='word_1_49' title='bbox 1129 1479 1435 1532; x_wconf 70' lang='lat' dir='ltr'><strong>processerat</strong></span> <span class='ocrx_word' id='word_1_50' title='bbox 1455 1470 1590 1520; x_wconf 87' lang='lat' dir='ltr'><strong>ultra</strong></span> 
     </span>
     <span class='ocr_line' id='line_1_12' title="bbox 521 1548 1579 1613; baseline 0.001 -14"><span class='ocrx_word' id='word_1_51' title='bbox 521 1550 707 1599; x_wconf 83' lang='lat' dir='ltr'><strong>Raram</strong></span> <span class='ocrx_word' id='word_1_52' title='bbox 728 1548 927 1613; x_wconf 74' lang='lat' dir='ltr'><strong>sepositi</strong></span> <span class='ocrx_word' id='word_1_53' title='bbox 950 1563 1190 1612; x_wconf 82' lang='lat' dir='ltr'><strong>quaerere</strong></span> <span class='ocrx_word' id='word_1_54' title='bbox 1211 1548 1362 1598; x_wconf 86' lang='lat' dir='ltr'><strong>fontis</strong></span> <span class='ocrx_word' id='word_1_55' title='bbox 1381 1564 1579 1613; x_wconf 86' lang='lat' dir='ltr'><strong>aquam.</strong></span> 
     </span>
    </p>

    <p class='ocr_par' dir='ltr' id='par_1_6' title="bbox 456 1627 1684 1775">
     <span class='ocr_line' id='line_1_13' title="bbox 456 1627 1614 1693; baseline 0 -14"><span class='ocrx_word' id='word_1_56' title='bbox 456 1630 499 1679; x_wconf 83' lang='lat' dir='ltr'>H</span> <span class='ocrx_word' id='word_1_57' title='bbox 511 1646 602 1680; x_wconf 89' lang='lat' dir='ltr'><strong>unc</strong></span> <span class='ocrx_word' id='word_1_58' title='bbox 622 1629 720 1679; x_wconf 91' lang='lat' dir='ltr'><strong>duo</strong></span> <span class='ocrx_word' id='word_1_59' title='bbox 740 1630 911 1678; x_wconf 69' lang='lat' dir='ltr'><strong>sectati</strong></span> <span class='ocrx_word' id='word_1_60' title='bbox 932 1627 1127 1684; x_wconf 86' lang='lat' dir='ltr'><strong>fratres,</strong></span> <span class='ocrx_word' id='word_1_61' title='bbox 1143 1628 1413 1692; x_wconf 84' lang='lat' dir='ltr'><strong>Aquilonia</strong></span> <span class='ocrx_word' id='word_1_62' title='bbox 1436 1630 1614 1693; x_wconf 84' lang='lat' dir='ltr'><strong>proles,</strong></span> 
     </span>
     <span class='ocr_line' id='line_1_14' title="bbox 519 1707 1684 1775; baseline 0.002 -15"><span class='ocrx_word' id='word_1_63' title='bbox 519 1710 666 1760; x_wconf 87' lang='lat' dir='ltr'><strong>Hunc</strong></span> <span class='ocrx_word' id='word_1_64' title='bbox 684 1723 831 1774; x_wconf 82' lang='lat' dir='ltr'><strong>super</strong></span> <span class='ocrx_word' id='word_1_65' title='bbox 849 1716 900 1760; x_wconf 91' lang='lat' dir='ltr'><strong>et</strong></span> <span class='ocrx_word' id='word_1_66' title='bbox 922 1708 1084 1766; x_wconf 84' lang='lat' dir='ltr'><strong>Zetes,</strong></span> <span class='ocrx_word' id='word_1_67' title='bbox 1109 1707 1240 1758; x_wconf 89' lang='lat' dir='ltr'><strong>hunc</strong></span> <span class='ocrx_word' id='word_1_68' title='bbox 1260 1724 1409 1774; x_wconf 86' lang='lat' dir='ltr'><strong>super</strong></span> <span class='ocrx_word' id='word_1_69' title='bbox 1427 1718 1479 1759; x_wconf 88' lang='lat' dir='ltr'><strong>et</strong></span> <span class='ocrx_word' id='word_1_70' title='bbox 1497 1712 1684 1775; x_wconf 80' lang='lat' dir='ltr'><strong>Calais,</strong></span> 
     </span>
    </p>

    <p class='ocr_par' dir='ltr' id='par_1_7' title="bbox 456 1788 1608 1934">
     <span class='ocr_line' id='line_1_15' title="bbox 456 1788 1608 1856; baseline 0.003 -20"><span class='ocrx_word' id='word_1_71' title='bbox 456 1791 635 1842; x_wconf 77' lang='lat' dir='ltr'><strong>Oscula</strong></span> <span class='ocrx_word' id='word_1_72' title='bbox 654 1790 900 1856; x_wconf 76' lang='lat' dir='ltr'><strong>suspensis</strong></span> <span class='ocrx_word' id='word_1_73' title='bbox 920 1788 1173 1837; x_wconf 71' lang='lat' dir='ltr'><strong>instabant</strong></span> <span class='ocrx_word' id='word_1_74' title='bbox 1190 1804 1393 1854; x_wconf 84' lang='lat' dir='ltr'><strong>carpere</strong></span> <span class='ocrx_word' id='word_1_75' title='bbox 1412 1791 1608 1854; x_wconf 79' lang='lat' dir='ltr'><strong>palmis,</strong></span> 
     </span>
     <span class='ocr_line' id='line_1_16' title="bbox 521 1868 1484 1934; baseline -0.004 -12"><span class='ocrx_word' id='word_1_76' title='bbox 521 1871 700 1922; x_wconf 74' lang='lat' dir='ltr'><strong>Oscula</strong></span> <span class='ocrx_word' id='word_1_77' title='bbox 719 1880 771 1918; x_wconf 90' lang='lat' dir='ltr'><strong>et</strong></span> <span class='ocrx_word' id='word_1_78' title='bbox 789 1868 983 1917; x_wconf 77' lang='lat' dir='ltr'><strong>alterna</strong></span> <span class='ocrx_word' id='word_1_79' title='bbox 1004 1868 1136 1917; x_wconf 83' lang='lat' dir='ltr'><strong>ferre</strong></span> <span class='ocrx_word' id='word_1_80' title='bbox 1157 1868 1334 1932; x_wconf 87' lang='lat' dir='ltr'><strong>supina</strong></span> <span class='ocrx_word' id='word_1_81' title='bbox 1351 1868 1484 1934; x_wconf 79' lang='lat' dir='ltr'><strong>fuga.</strong></span> 
     </span>
    </p>

    <p class='ocr_par' dir='ltr' id='par_1_8' title="bbox 456 1947 1551 2082">
     <span class='ocr_line' id='line_1_17' title="bbox 456 1947 1551 2015; baseline -0.002 -14"><span class='ocrx_word' id='word_1_82' title='bbox 456 1953 545 2002; x_wconf 90' lang='lat' dir='ltr'><strong>Ille</strong></span> <span class='ocrx_word' id='word_1_83' title='bbox 566 1951 659 2000; x_wconf 87' lang='lat' dir='ltr'><strong>sub</strong></span> <span class='ocrx_word' id='word_1_84' title='bbox 678 1957 901 2000; x_wconf 70' lang='lat' dir='ltr'><strong>exn-etna</strong></span> <span class='ocrx_word' id='word_1_85' title='bbox 922 1947 1141 2012; x_wconf 86' lang='lat' dir='ltr'><strong>pendens</strong></span> <span class='ocrx_word' id='word_1_86' title='bbox 1163 1947 1432 1999; x_wconf 77' lang='lat' dir='ltr'><strong>secluditur</strong></span> <span class='ocrx_word' id='word_1_87' title='bbox 1451 1949 1551 2015; x_wconf 82' lang='lat' dir='ltr'><strong>ala,</strong></span> 
     </span>
     <span class='ocr_line' id='line_1_18' title="bbox 518 2028 1503 2082; baseline 0.001 -1"><span class='ocrx_word' id='word_1_88' title='bbox 518 2033 586 2082; x_wconf 84' lang='lat' dir='ltr'><strong>Et</strong></span> <span class='ocrx_word' id='word_1_89' title='bbox 606 2032 825 2082; x_wconf 83' lang='lat' dir='ltr'><strong>volucres</strong></span> <span class='ocrx_word' id='word_1_90' title='bbox 847 2044 987 2078; x_wconf 88' lang='lat' dir='ltr'><strong>ramo</strong></span> <span class='ocrx_word' id='word_1_91' title='bbox 1006 2028 1267 2079; x_wconf 81' lang='lat' dir='ltr'><strong>submovet</strong></span> <span class='ocrx_word' id='word_1_92' title='bbox 1284 2029 1503 2082; x_wconf 82' lang='lat' dir='ltr'><strong>insidias.</strong></span> 
     </span>
    </p>

    <p class='ocr_par' dir='ltr' id='par_1_9' title="bbox 455 2107 1672 2254">
     <span class='ocr_line' id='line_1_19' title="bbox 455 2107 1536 2174; baseline -0.002 -11"><span class='ocrx_word' id='word_1_93' title='bbox 455 2113 562 2163; x_wconf 89' lang='lat' dir='ltr'><strong>Iam</strong></span> <span class='ocrx_word' id='word_1_94' title='bbox 582 2110 883 2161; x_wconf 72' lang='lat' dir='ltr'><strong>Pandioniae</strong></span> <span class='ocrx_word' id='word_1_95' title='bbox 903 2107 1049 2158; x_wconf 76' lang='lat' dir='ltr'><strong>cessit</strong></span> <span class='ocrx_word' id='word_1_96' title='bbox 1070 2117 1226 2168; x_wconf 78' lang='lat' dir='ltr'><strong>genus</strong></span> <span class='ocrx_word' id='word_1_97' title='bbox 1246 2109 1536 2174; x_wconf 71' lang='lat' dir='ltr'><strong>Orithyiaez</strong></span> 
     </span>
     <span class='ocr_line' id='line_1_20' title="bbox 516 2187 1672 2254; baseline 0 -13"><span class='ocrx_word' id='word_1_98' title='bbox 516 2191 603 2241; x_wconf 86' lang='lat' dir='ltr'><strong>Ah</strong></span> <span class='ocrx_word' id='word_1_99' title='bbox 624 2190 793 2240; x_wconf 86' lang='lat' dir='ltr'><strong>dolor!</strong></span> <span class='ocrx_word' id='word_1_100' title='bbox 826 2189 931 2238; x_wconf 88' lang='lat' dir='ltr'><strong>ibat</strong></span> <span class='ocrx_word' id='word_1_101' title='bbox 952 2187 1136 2253; x_wconf 84' lang='lat' dir='ltr'><strong>Hylas,</strong></span> <span class='ocrx_word' id='word_1_102' title='bbox 1159 2187 1263 2237; x_wconf 82' lang='lat' dir='ltr'><strong>ibat</strong></span> <span class='ocrx_word' id='word_1_103' title='bbox 1284 2189 1672 2254; x_wconf 69' lang='lat' dir='ltr'><strong>Hamadryasin.</strong></span> 
     </span>
    </p>

    <p class='ocr_par' dir='ltr' id='par_1_10' title="bbox 454 2267 1693 2416">
     <span class='ocr_line' id='line_1_21' title="bbox 454 2267 1632 2336; baseline -0.002 -13"><span class='ocrx_word' id='word_1_104' title='bbox 454 2273 552 2323; x_wconf 83' lang='lat' dir='ltr'><strong>Hic</strong></span> <span class='ocrx_word' id='word_1_105' title='bbox 572 2279 682 2321; x_wconf 82' lang='lat' dir='ltr'><strong>erat</strong></span> <span class='ocrx_word' id='word_1_106' title='bbox 699 2268 954 2336; x_wconf 73' lang='lat' dir='ltr'><strong>Arganthi</strong></span> <span class='ocrx_word' id='word_1_107' title='bbox 974 2268 1110 2331; x_wconf 85' lang='lat' dir='ltr'><strong>Pege</strong></span> <span class='ocrx_word' id='word_1_108' title='bbox 1130 2267 1224 2317; x_wconf 88' lang='lat' dir='ltr'><strong>sub</strong></span> <span class='ocrx_word' id='word_1_109' title='bbox 1245 2270 1426 2318; x_wconf 81' lang='lat' dir='ltr'><strong>vertice</strong></span> <span class='ocrx_word' id='word_1_110' title='bbox 1448 2272 1632 2322; x_wconf 85' lang='lat' dir='ltr'><strong>montis</strong></span> 
     </span>
     <span class='ocr_line' id='line_1_22' title="bbox 519 2348 1693 2416; baseline 0 -14"><span class='ocrx_word' id='word_1_111' title='bbox 519 2352 683 2402; x_wconf 81' lang='lat' dir='ltr'><strong>Grata</strong></span> <span class='ocrx_word' id='word_1_112' title='bbox 699 2351 874 2400; x_wconf 89' lang='lat' dir='ltr'><strong>domus</strong></span> <span class='ocrx_word' id='word_1_113' title='bbox 898 2348 1145 2414; x_wconf 77' lang='lat' dir='ltr'><strong>Nymphis</strong></span> <span class='ocrx_word' id='word_1_114' title='bbox 1163 2348 1370 2400; x_wconf 82' lang='lat' dir='ltr'><strong>humida</strong></span> <span class='ocrx_word' id='word_1_115' title='bbox 1389 2349 1693 2416; x_wconf 81' lang='lat' dir='ltr'><strong>Thyniasin,</strong></span> 
     </span>
    </p>

    <p class='ocr_par' dir='ltr' id='par_1_11' title="bbox 454 2428 1626 2573">
     <span class='ocr_line' id='line_1_23' title="bbox 454 2428 1626 2498; baseline -0.002 -15"><span class='ocrx_word' id='word_1_116' title='bbox 454 2434 616 2495; x_wconf 87' lang='lat' dir='ltr'><strong>Quam</strong></span> <span class='ocrx_word' id='word_1_117' title='bbox 635 2448 787 2498; x_wconf 86' lang='lat' dir='ltr'><strong>supra</strong></span> <span class='ocrx_word' id='word_1_118' title='bbox 805 2429 969 2480; x_wconf 88' lang='lat' dir='ltr'><strong>nullae</strong></span> <span class='ocrx_word' id='word_1_119' title='bbox 990 2428 1271 2494; x_wconf 83' lang='lat' dir='ltr'><strong>pendebant</strong></span> <span class='ocrx_word' id='word_1_120' title='bbox 1288 2429 1458 2481; x_wconf 88' lang='lat' dir='ltr'><strong>debita</strong></span> <span class='ocrx_word' id='word_1_121' title='bbox 1475 2445 1626 2481; x_wconf 84' lang='lat' dir='ltr'><strong>curae</strong></span> 
     </span>
     <span class='ocr_line' id='line_1_24' title="bbox 516 2508 1531 2573; baseline -0.003 -10"><span class='ocrx_word' id='word_1_122' title='bbox 516 2512 729 2563; x_wconf 84' lang='lat' dir='ltr'><strong>Roscida</strong></span> <span class='ocrx_word' id='word_1_123' title='bbox 746 2511 954 2559; x_wconf 80' lang='lat' dir='ltr'><strong>desertis</strong></span> <span class='ocrx_word' id='word_1_124' title='bbox 972 2523 1120 2573; x_wconf 85' lang='lat' dir='ltr'><strong>poma</strong></span> <span class='ocrx_word' id='word_1_125' title='bbox 1140 2508 1233 2558; x_wconf 88' lang='lat' dir='ltr'><strong>sub</strong></span> <span class='ocrx_word' id='word_1_126' title='bbox 1253 2510 1531 2567; x_wconf 83' lang='lat' dir='ltr'><strong>arboribus,</strong></span> 
     </span>
    </p>

    <p class='ocr_par' dir='ltr' id='par_1_12' title="bbox 454 2587 1575 2735">
     <span class='ocr_line' id='line_1_25' title="bbox 454 2587 1507 2654; baseline -0.004 -11"><span class='ocrx_word' id='word_1_127' title='bbox 454 2595 519 2643; x_wconf 85' lang='lat' dir='ltr'><strong>Et</strong></span> <span class='ocrx_word' id='word_1_128' title='bbox 537 2596 720 2643; x_wconf 86' lang='lat' dir='ltr'><strong>circum</strong></span> <span class='ocrx_word' id='word_1_129' title='bbox 743 2591 931 2654; x_wconf 80' lang='lat' dir='ltr'><strong>irriguo</strong></span> <span class='ocrx_word' id='word_1_130' title='bbox 951 2588 1219 2653; x_wconf 83' lang='lat' dir='ltr'><strong>surgebant</strong></span> <span class='ocrx_word' id='word_1_131' title='bbox 1239 2587 1343 2638; x_wconf 87' lang='lat' dir='ltr'><strong>lilia</strong></span> <span class='ocrx_word' id='word_1_132' title='bbox 1364 2599 1507 2654; x_wconf 85' lang='lat' dir='ltr'><strong>prato</strong></span> 
     </span>
     <span class='ocr_line' id='line_1_26' title="bbox 514 2669 1575 2735; baseline -0.002 -13"><span class='ocrx_word' id='word_1_133' title='bbox 514 2671 754 2732; x_wconf 83' lang='lat' dir='ltr'><strong>Candida,</strong></span> <span class='ocrx_word' id='word_1_134' title='bbox 775 2669 1035 2735; x_wconf 86' lang='lat' dir='ltr'><strong>purpureis</strong></span> <span class='ocrx_word' id='word_1_135' title='bbox 1058 2670 1216 2716; x_wconf 82' lang='lat' dir='ltr'><strong>mixta</strong></span> <span class='ocrx_word' id='word_1_136' title='bbox 1233 2670 1575 2734; x_wconf 83' lang='lat' dir='ltr'><strong>papaveribus.</strong></span> 
     </span>
    </p>

    <p class='ocr_par' dir='ltr' id='par_1_13' title="bbox 451 2749 1694 2895">
     <span class='ocr_line' id='line_1_27' title="bbox 451 2749 1694 2819; baseline 0 -19"><span class='ocrx_word' id='word_1_137' title='bbox 451 2750 591 2810; x_wconf 82' lang='lat' dir='ltr'><strong>Quae</strong></span> <span class='ocrx_word' id='word_1_138' title='bbox 612 2751 757 2800; x_wconf 87' lang='lat' dir='ltr'><strong>modo</strong></span> <span class='ocrx_word' id='word_1_139' title='bbox 779 2749 1044 2812; x_wconf 83' lang='lat' dir='ltr'><strong>decerpens</strong></span> <span class='ocrx_word' id='word_1_140' title='bbox 1066 2756 1237 2797; x_wconf 89' lang='lat' dir='ltr'><strong>tenero</strong></span> <span class='ocrx_word' id='word_1_141' title='bbox 1257 2750 1513 2813; x_wconf 80' lang='lat' dir='ltr'><strong>pueriliter</strong></span> <span class='ocrx_word' id='word_1_142' title='bbox 1534 2754 1694 2819; x_wconf 82' lang='lat' dir='ltr'><strong>ungui</strong></span> 
     </span>
     <span class='ocr_line' id='line_1_28' title="bbox 512 2828 1431 2895; baseline 0.001 -16"><span class='ocrx_word' id='word_1_143' title='bbox 512 2828 773 2895; x_wconf 79' lang='lat' dir='ltr'><strong>Proposito</strong></span> <span class='ocrx_word' id='word_1_144' title='bbox 793 2829 962 2878; x_wconf 85' lang='lat' dir='ltr'><strong>florem</strong></span> <span class='ocrx_word' id='word_1_145' title='bbox 984 2828 1218 2892; x_wconf 87' lang='lat' dir='ltr'><strong>praetulit</strong></span> <span class='ocrx_word' id='word_1_146' title='bbox 1238 2830 1396 2880; x_wconf 86' lang='lat' dir='ltr'><strong>officio</strong></span> <span class='ocrx_word' id='word_1_147' title='bbox 1408 2850 1431 2890; x_wconf 68' lang='lat'>5</span> 
     </span>
    </p>
   </div>
  </div>
 </body>
</html>
