2100 3500
523 452 590 496 40
818 433 1281 477 ANTHOLOGIA
1324 433 1609 478 LATINA.

525 524 670 574 Unde
690 527 829 589 prius
849 525 973 575 nulli
992 524 1205 573 velarint
1224 532 1450 589 tempora
1468 540 1668 591 musae3

524 604 747 653 Brimum
769 605 902 668 quod
923 605 1114 669 magnis
1136 604 1287 653 doceo
1308 604 1370 653 de
1390 604 1539 653 rebus
1556 612 1607 653 et
1628 605 1758 655 artis

524 683 839 750 Religionum
859 685 1080 733 animum
1101 684 1242 734 nodis
1262 684 1517 734 exsolvere
1536 700 1708 749 pergo,

523 764 717 814 Deinde
740 765 870 829 quod
890 764 1101 813 obseura
1121 763 1182 812 de
1202 780 1257 813 re
1280 771 1381 813 tam
1400 764 1562 813 lueida
1580 780 1748 830 pango

524 843 776 903 Carmina,
798 860 998 893 musaeo
1018 845 1306 909 contingens
1324 850 1501 893 cuneta
1521 844 1705 908 lepore.

523 924 584 974 Id
605 940 801 991 quoque
821 927 953 974 enim
975 941 1077 973 non
1097 924 1162 973 ab
1182 924 1321 973 nulla
1340 925 1533 973 ratione
1556 924 1780 991 videtur3

523 1004 573 1053 N
579 1021 657 1055 am
680 1005 836 1054 veluti
855 1005 1022 1070 pueris
1044 1003 1294 1053 absinthia
1313 1011 1475 1052 taetra
1489 1003 1738 1052 medentes

522 1084 651 1135 Cum
670 1084 789 1134 dare
810 1091 1070 1145 conantur,
1093 1085 1233 1148 prius
1254 1099 1367 1132 oras
1386 1083 1562 1148 poeula
1582 1084 1768 1132 circum

521 1165 829 1230 Contingunt
856 1163 1014 1212 mellis
1034 1162 1170 1212 dulei
1190 1162 1413 1226 flavoque
1435 1162 1644 1227 liquore,

524 1242 596 1292 Ut
614 1258 877 1307 puerorum
899 1250 1037 1291 aetas
1060 1242 1318 1306 inprovida
1338 1242 1617 1292 ludificetur

520 1322 794 1371 Labrorum
816 1330 978 1385 tenus,
1000 1324 1192 1370 interea
1212 1329 1438 1386 perpotet
1458 1337 1681 1370 amarum

520 1403 764 1452 Absinthi
782 1403 978 1452 laticem
1001 1402 1301 1467 deceptaque
1322 1417 1423 1450 non
1442 1402 1683 1466 capiatur,

521 1482 619 1531 Sed
638 1483 802 1546 potius
826 1482 913 1531 teli
935 1489 1081 1546 paeto
1104 1489 1325 1530 recreata
1346 1482 1576 1541 valescat,

521 1559 602 1610 Sic
616 1576 709 1626 ego
724 1577 872 1618 nune,
886 1562 1118 1625 quoniam
1133 1560 1253 1609 haee
1267 1562 1397 1609 ratio
1413 1561 1701 1626 plerumque
1713 1561 1912 1612 videtur

518 1640 733 1690 Tristior
752 1655 859 1689 esse
881 1640 1062 1706 quibus
1084 1655 1182 1688 non
1201 1647 1278 1689 est
1300 1649 1529 1699 tractata,
1550 1647 1786 1705 retroque

519 1721 716 1787 Volgus
737 1721 974 1771 abhorret
995 1721 1058 1769 ab
1079 1720 1192 1782 hac,
1216 1721 1347 1771 volui
1369 1722 1461 1772 tibi
1484 1720 1849 1786 suaviloquenti

517 1801 746 1851 Carmine
768 1801 933 1850 Pierio
953 1803 1194 1851 rationem
1214 1818 1458 1867 exponere
1479 1811 1697 1851 nostram

517 1881 584 1930 Et
607 1882 749 1945 quasi
768 1897 968 1930 musaeo
989 1881 1119 1930 dulci
1140 1882 1424 1947 contingere
1446 1882 1603 1938 melle,

517 1961 572 2009 Si
594 1961 685 2010 tibi
704 1962 832 2009 forte
853 1963 1070 2010 animum
1093 1961 1180 2010 tali
1200 1963 1391 2010 ratione
1412 1969 1580 2011 tenere

516 2040 761 2089 Versibus
785 2041 835 2089 iu
854 2042 1038 2090 nostris
1058 2057 1266 2107 possem,
1287 2042 1404 2091 dum
1425 2043 1637 2107 percipis
1659 2057 1855 2092 omnem
1928 2066 1938 2075 ·

516 2118 758 2169 Naturam
781 2136 946 2169 rerum
969 2136 1027 2169 ae
1048 2123 1289 2186 persentis
1312 2121 1590 2172 utilitatem.

1708 2217 1753 2251 v.
1781 2207 1909 2253 1·25‚

1108 2353 1302 2388 xxxlu.

1089 2452 1305 2507 Clouds.

535 2592 546 2604 Α
613 2655 628 2666 x
774 2600 869 2649 ΕΙ)
889 2614 952 2648 ne
971 2599 1100 2649 forte
1117 2609 1261 2664 putes
1281 2615 1342 2649 ea
1360 2601 1553 2650 demum
1576 2600 1679 2649 sola
1700 2604 1890 2668 vagari,

616 2668 639 2679 ”
670 2665 752 2746 s'*
804 2678 1155 2743 Quaecumque
1174 2681 1238 2729 ab
1261 2681 1412 2730 rebus
1433 2696 1602 2731 rerum
1623 2682 1888 2732 simulacra

617 2796 634 2805 -
750 2798 753 2803 ,
962 2759 1218 2816 recedunt,

519 2835 651 2886 Sunt
670 2837 822 2887 etiam
841 2852 969 2902 quae
989 2846 1161 2902 sponte
1182 2853 1274 2888 sua
1293 2840 1567 2905 gignuntur
1589 2847 1641 2889 et
1660 2841 1769 2905 ipsa
