2100 3500
492 452 520 489 2
776 438 1241 482 ANTHOLOGIA
1283 438 1567 483 LATINA.

489 530 599 595 Ego
620 545 726 578 sum
746 530 828 579 ille
854 546 944 580 rex
964 531 1250 596 Philippus!
1296 531 1340 580 Ο
1367 531 1583 596 lepidum
1605 531 1763 580 diem!

494 611 540 658 N
543 626 623 658 am
646 617 702 660 ut
722 611 904 659 dudum
927 611 1042 659 hinc
1065 611 1184 671 abii,
1207 612 1364 660 multo
1384 611 1469 660 illo
1490 611 1665 660 adveni
1683 611 1840 676 prior,

492 690 751 754 Multoque
772 692 910 755 prius
931 706 1009 739 me
1030 690 1278 739 oonlooavi
1303 692 1355 738 in
1376 691 1622 748 arborem,

493 765 710 830 Indeque
745 765 1108 830 exspectabm,
1144 766 1232 814 ubi
1267 781 1446 814 aurum
1487 765 1809 815 abstrudebat

681 861 847 895 senex.

494 926 596 975 Ubi
619 925 703 975 ille
725 926 863 987 abiit,
884 941 977 992 ego
998 923 1077 974 me
1099 925 1326 974 deorsum
1346 925 1472 974 duco
1493 924 1553 974 de
1575 926 1783 990 arbore3

495 1005 707 1055 Exfodio
726 1006 892 1054 aulam
913 1007 1021 1055 auri
1043 1004 1256 1070 plenam.
1323 1005 1446 1054 Inde
1466 1020 1601 1054 exeo.
1667 1005 1789 1057 Ilico

492 1085 657 1133 Video
678 1086 894 1150 recipere
914 1101 965 1133 se
987 1100 1181 1148 senem3
1216 1084 1299 1133 ille
1318 1100 1398 1132 me
1416 1101 1515 1133 non
1534 1084 1680 1134 videt.

494 1166 623 1214 Nam
645 1181 738 1229 ego
759 1165 900 1213 modo
921 1164 1161 1214 declinavi
1183 1165 1382 1229 paulum
1405 1165 1518 1213 med
1539 1172 1683 1214 extra.
1707 1166 1834 1214 viam

493 1246 637 1305 Atat,
658 1259 823 1292 eccum
847 1244 1040 1308 ipsum!
1087 1243 1176 1292 Ibo
1198 1252 1255 1292 ut
1275 1244 1367 1293 hoc
1389 1243 1592 1294 condam
1616 1244 1831 1293 domum.

555 1326 731 1373 Euclio.
768 1323 903 1371 Perii
925 1323 1090 1372 interii
1112 1322 1293 1372 occidi!
1344 1324 1457 1384 Quo
1475 1324 1705 1373 curram?
1745 1341 1844 1390 quo

748 1418 845 1451 non
868 1403 1097 1451 curram?

683 1482 818 1531 Tene
840 1493 952 1532 tene
970 1482 1213 1542 z—Quem
1237 1482 1348 1547 quis
1361 1482 1452 1530 Ῥ-

495 1562 701 1611 Nescio:
742 1562 812 1610 nil
842 1561 1011 1612 video=
1058 1577 1231 1611 caecus
1254 1577 1314 1611 eo
1344 1569 1494 1624 atque
1524 1561 1749 1627 equidem
1778 1577 1876 1626 quo

695 1656 804 1690 eam
828 1649 916 1689 aut
937 1641 1022 1691 ubi
1047 1643 1137 1690 sim
1160 1649 1248 1692 aut
1270 1643 1357 1707 qui
1378 1644 1488 1704 sim,

497 1722 700 1787 Nequeo
729 1737 839 1772 eum
873 1723 1036 1771 animo
1067 1730 1254 1771 eertum
1289 1723 1599 1788 investigare.
1665 1722 1875 1775 Obsecro

588 1859 598 1866 ἢ
688 1818 774 1851 vos
799 1818 912 1867 ego,
933 1802 1056 1851 mihi
1076 1802 1279 1863 auxilio,

498 1881 600 1930 Oro
630 1881 866 1942 obtestor,
889 1882 1014 1942 sitis,
1047 1890 1100 1931 et
1123 1882 1369 1932 hominem
1399 1882 1745 1933 demonstretis
1771 1886 1857 1949 qui

692 1978 802 2011 eam
824 1962 1100 2011 abstulerit.

563 2039 696 2100 Quid
711 2041 820 2090 est?
860 2041 980 2106 quid
1000 2040 1208 2090 ridetis?
1248 2040 1381 2090 Novi
1400 2042 1557 2092 omnis
1572 2063 1586 2092 ε
1618 2043 1717 2092 scio
1744 2042 1879 2092 fures

690 2136 797 2170 esse
817 2121 898 2170 hic
919 2121 1183 2186 conpluris,

504 2202 600 2262 Qui
635 2203 823 2250 vestitu
848 2207 906 2250 -et
943 2210 1079 2250 creta
1109 2202 1361 2252 occultant
1392 2218 1496 2251 sese
1529 2210 1678 2267 atque
1711 2203 1881 2251 sedent

694 2280 836 2343 quasi
860 2280 960 2328 sint
980 2281 1133 2344 frugi.

566 2359 699 2419 Quid
711 2361 784 2408 ais
805 2358 901 2408 tu?
943 2358 1058 2408 Tibi
1079 2360 1279 2409 credere
1301 2368 1489 2409 eertum
1505 2369 1606 2411 esta
1640 2376 1756 2409 nam
1776 2377 1880 2410 esse

691 2439 873 2488 bonum
894 2455 922 2488 e
943 2439 1079 2487 voltu
1100 2455 1354 2505 cognosco·

506 2519 613 2580 Em,
635 2534 777 2567 nemo
798 2518 947 2567 habet
976 2517 1489 2569 horum—Occidisti!
1532 2519 1627 2567 Dic
1660 2520 1815 2583 igitur
1836 2520 1879 2568 si

693 2599 804 2661 quis
825 2597 991 2647 habet.
1060 2598 1233 2647 Nescis
1247 2599 1270 2646 ’ἓ

506 2677 619 2726 Heu
661 2693 738 2725 me
774 2679 1037 2726 miserum!
1074 2680 1250 2727 misere
1285 2680 1442 2742 perii!
1490 2678 1624 2728 Male
1659 2680 1879 2744 perditus

691 2772 917 2820 pessume
939 2766 1145 2805 ornatus
1166 2773 1224 2806 eo
1241 2777 1255 2806 ι

506 2835 719 2886 Tantum
747 2837 918 2900 gemiti
949 2843 1000 2887 et
1031 2837 1190 2886 malae
1220 2839 1492 2889 maestitiae
1525 2838 1606 2889 hio
1633 2838 1738 2889 dies
1760 2841 1877 2889 mihi

696 2915 886 2977 optulit.
