2100 3500
744 498 865 538 sm
878 497 1052 539 mus,
1493 505 1589 563 209

214 586 347 636 Hinc
368 585 605 644 homines,
636 587 830 635 tandem
862 586 1038 636 dubiae
1076 588 1234 652 placet
1271 588 1462 647 umbra,
1501 604 1586 638 no-

401 681 573 728 visque

214 745 321 793 Vix
340 745 479 793 stetit
499 744 549 791 in
572 744 723 791 ramis
742 750 792 791 et
814 743 1035 807 protinus
1057 744 1205 791 arbor
1224 754 1434 796 amatur.

278 823 458 872 Altera
477 823 675 871 consilio
700 831 937 885 superest,
960 824 1245 886 tristemque
1269 823 1441 888 fatigat

215 903 350 952 Cura
371 903 529 963 deam,
551 913 721 950 natum
742 903 849 965 ipsa
871 904 980 950 sinu
1003 903 1256 966 complexa
1278 919 1365 965 per
1383 903 1558 965 undas,

219 986 304 1032 An
324 998 501 1047 magno
522 982 724 1030 Tritone
746 983 871 1030 ferat
893 991 1160 1045 ventosque
1184 982 1402 1031 volucres

218 1063 457 1119 Advocet,
478 1077 540 1109 an
562 1061 736 1124 pelago
757 1061 948 1109 solitam
972 1060 1334 1110 Thaumantida
1357 1064 1503 1126 pasci.

220 1142 364 1190 Elicit
384 1140 496 1189 inde
519 1141 659 1190 fretis
682 1149 732 1189 et
754 1142 938 1188 murice
960 1142 1124 1190 frenat
1145 1151 1286 1190 acuto

220 1222 494 1287 Delphines
514 1220 724 1284 biiuges,
746 1235 867 1284 quos
890 1220 960 1268 illi
980 1223 1198 1269 maxima
1219 1220 1389 1270 Tethis

222 1301 433 1365 Gurgite
455 1301 689 1350 Atlanteo
710 1301 871 1365 pelagi
890 1301 980 1349 sub
999 1302 1125 1350 valle
1147 1317 1322 1350 sonora

224 1382 492 1431 Nutrierat.
556 1380 719 1429 Nullis
741 1381 865 1429 vada
889 1397 979 1446 per
999 1381 1249 1446 Neptunia.
1270 1383 1471 1447 glaucae

224 1462 414 1510 Tantus
434 1460 591 1509 honor
612 1460 795 1508 formae
815 1458 1062 1523 nandique
1083 1461 1316 1525 potentia,
1338 1474 1425 1510 nec
1445 1463 1557 1526 plus
1601 1463 1609 1474 ⁶

226 1542 444 1590 Pectoris
463 1541 662 1589 humani
679 1560 695 1605 3
730 1539 866 1590 iubet
887 1540 974 1590 hos
995 1541 1258 1590 subsistere
1277 1542 1419 1606 pleno
1602 1536 1605 1539 ’

226 1621 410 1682 Litore,
429 1636 493 1670 ne
512 1620 671 1669 nudae
691 1628 898 1669 noceant
919 1622 1145 1686 contagia
1165 1629 1339 1670 terrae.

228 1701 343 1765 Ipsa
364 1700 539 1749 dehinc
560 1706 663 1749 toto
683 1700 952 1748 resolutum
977 1708 1172 1765 pectore
1194 1699 1437 1748 Achillem

228 1782 394 1842 —Qui
412 1783 578 1846 pueris
600 1782 1066 1846 sopor—Haemonii
1087 1781 1148 1831 de
1169 1782 1372 1846 rupibus
1391 1782 1520 1829 antri
1601 1836 1608 1845 ι

229 1862 314 1911 Ad
335 1861 551 1926 placidas
570 1861 796 1926 deportat
816 1878 969 1925 aquas
991 1869 1043 1911 et
1062 1862 1195 1911 iussa
1214 1869 1374 1909 tacere

234 1942 414 1991 Litora.
480 1940 726 1989 Monstrat
748 1944 841 1991 iter
861 1950 965 1991 toto
985 1957 1112 2006 quae
1133 1941 1337 1990 fulserat
1356 1941 1472 1989 orbe
1605 1998 1610 2003 ⁸

231 2021 450 2086 Cynthia
461 2039 477 2085 3
511 2022 826 2085 prosequitur
846 2019 1006 2071 divam
1024 2022 1303 2085 celeresque
1326 2036 1552 2069 recursus

234 2099 445 2149 Securus
463 2099 627 2164 pelagi
648 2098 832 2149 Chiron
852 2108 1013 2165 rogat,
1035 2101 1230 2165 udaque
1250 2101 1388 2150 celat*
1480 2115 1489 2118 Ἰ

234 2180 446 2228 Lumina
460 2186 511 2227 et
526 2179 766 2243 abreptos
788 2179 949 2229 subito
972 2183 1069 2229 iam
1092 2183 1285 2245 iamque
1305 2182 1510 2229 latentes

233 2262 414 2309 Erecto
434 2268 710 2324 prospectat
729 2276 871 2324 equo,
893 2277 993 2325 qua
1010 2278 1135 2311 cana
1154 2277 1415 2327 parumper

238 2341 481 2405 Spumant
502 2340 642 2405 signa
659 2339 807 2405 fugae
827 2350 879 2390 et
898 2343 1084 2407 liquido
1106 2344 1233 2406 perit
1250 2343 1410 2391 orbita
1432 2350 1592 2405 pontu.

237 2422 387 2470 Illum
408 2435 507 2468 non
527 2421 649 2468 alias
669 2420 939 2470 rediturum
956 2422 1018 2470 ad
1042 2421 1281 2470 Thessala
1303 2421 1486 2485 Tempe

238 2502 347 2551 Iam
367 2500 523 2549 tristis
545 2498 745 2558 Pholoe,
765 2500 864 2549 iam
883 2501 1081 2551 nubilus
1099 2502 1303 2566 ingemit
1323 2501 1530 2565 Othrys,

243 2582 310 2631 Et
328 2580 491 2630 tennis
515 2579 773 2645 Sperchios
792 2582 932 2644 aquis
953 2580 1278 2645 speluncaque
1297 2581 1428 2632 docti
1502 2615 1508 2621 ·
1620 2642 1622 2645 y

240 2661 390 2710 Muta
408 2660 551 2708 senis.
617 2657 875 2719 Quaerunt
895 2661 1105 2725 puerilia
1125 2661 1341 2710 carmina
1364 2660 1542 2721 Fauni,
1616 2717 1619 2722 ⁵

246 2739 314 2789 Et
334 2746 532 2805 sperata
553 2737 638 2787 diu
656 2737 853 2793 πύθηαι
872 2740 1083 2788 conubia
1104 2739 1380 2805 Nymphae.

1265 2835 1310 2869 v.
1334 2823 1558 2871 suen.
1622 2811 1631 2848 ³

926 2986 964 3028 U
