2100 3500
723 404 762 445 L
776 403 1032 446 vonam
1043 403 1141 446 vs.
1297 382 1302 390 '
1567 425 1625 468 41

228 494 627 544 Constituantur
649 496 702 543 in
721 495 815 544 hoc
833 495 971 545 caelo
992 497 1081 560 qui
1102 495 1283 544 dicitur
1303 509 1405 554 aer,

229 575 385 635 Quae
405 575 576 623 multis
595 575 808 624 formata
827 576 984 624 modis
1005 575 1213 624 sublime
1234 574 1464 625 feruntur

234 654 351 703 Nec
371 656 582 718 speciem
605 663 799 704 mutare
822 671 961 704 suam
980 655 1223 718 liquentia
1242 664 1434 702 cessant

233 734 311 782 Et
331 735 571 797 cuiusque
592 735 728 782 modi
748 736 1020 783 formarum
1041 744 1236 783 vertere
1258 736 1312 782 in
1336 749 1480 798 oras3

234 813 320 863 Ut
337 813 496 862 nubes
512 815 656 862 facile
674 815 920 863 interdum
937 830 1246 864 concrescere
1266 815 1318 861 in
1338 813 1439 862 alto

236 893 509 943 Cernimus
529 901 582 943 et
600 895 771 944 mundi
794 897 1004 959 speciem
1030 894 1212 943 violare
1234 909 1455 942 serenam

235 972 388 1019 Aera
406 971 852 1022 mulcentes-motu.
920 971 1054 1020 Nam
1076 986 1221 1034 saepe
1239 970 1512 1035 Gigantum

236 1050 350 1099 Ora
371 1050 535 1098 volare
556 1051 784 1100 videntur
802 1061 856 1100 et
876 1052 1103 1100 umbram
1122 1051 1298 1099 ducere
1319 1050 1439 1112 late,

237 1130 501 1179 Interdum
522 1133 691 1196 magni
711 1141 903 1180 montes
923 1131 1188 1195 avolsaque
1209 1145 1332 1179 saxa

240 1210 504 1260 Montibus
523 1213 712 1260 anteire
733 1219 785 1260 et
804 1212 957 1260 solem
974 1211 1235 1260 succedere
1256 1218 1468 1273 praeter,

238 1286 370 1334 Inde
391 1286 513 1335 alios
532 1287 732 1336 trahere
748 1295 897 1352 atque
921 1287 1153 1336 inducere
1173 1285 1317 1334 belua
1336 1287 1538 1335 nimbos.

1332 1383 1379 1418 v.
1408 1373 1636 1417 129442.

854 1507 1039 1542 XXXIV.

247 1625 357 1681 All
373 1625 675 1694 Reasoning
696 1626 855 1679 based
878 1643 943 1678 on
960 1629 1041 1680 the
1065 1627 1230 1679 Truth
1248 1628 1406 1695 osthe
1431 1626 1632 1679 Seme&

430 1925 461 1963 ἔ·
532 1926 815 1990 Romaque
829 1928 873 1975 si
890 1926 1043 1974 fallax
1057 1925 1205 1974 rectis
1222 1923 1503 1988 regionibus
1516 1925 1640 1981 exit,

251 2006 322 2054 Et
341 2005 508 2054 libella
529 2006 698 2069 aliqua
717 2008 761 2054 si
779 2021 843 2054 ex
863 2007 998 2070 parti
1017 2004 1262 2054 claudicat
1281 2004 1454 2060 hilum,

254 2085 437 2135 Omnia
455 2085 681 2134 mendose
702 2086 811 2134 fieri
832 2094 982 2149 atque
1003 2085 1198 2148 obstipa
1220 2098 1414 2131 necesse
1434 2089 1525 2137 est.

253 2165 419 2213 Prava
435 2164 669 2213 cubantia
689 2180 844 2229 prona
863 2166 1042 2228 supina
1061 2172 1211 2227 atque
1233 2163 1418 2211 absona
1439 2170 1586 2220 tecta,

254 2245 365 2293 Iam
385 2260 529 2292 ruere
550 2252 608 2292 ut
628 2243 868 2309 quaedam
890 2245 1152 2292 videantur
1172 2243 1312 2303 velle,
1331 2250 1578 2305 ruantque

254 2323 463 2372 Prodita
484 2323 678 2373 iudiciis
701 2324 958 2372 fallacibus
979 2325 1147 2372 omnia
1165 2323 1356 2387 primis,

254 2403 342 2452 Sic
362 2404 515 2468 igitur
536 2403 666 2451 ratio
688 2403 778 2452 tibi
800 2419 967 2451 rerum
989 2418 1145 2467 prava
1166 2408 1409 2450 necessest

259 2483 501 2548 Falsaque
521 2484 606 2546 sit,
625 2482 762 2532 falsis
782 2498 1116 2548 quaecumque
1138 2483 1202 2531 ab
1223 2480 1445 2530 sensibus
1464 2487 1638 2528 ortast.

1340 2576 1388 2611 v.
1416 2566 1639 2610 513421.
