2100 3500
499 461 588 497 ιω
779 444 1243 487 ANTHOLOGIA
1297 444 1582 488 LATINA.

494 538 591 586 Fas
613 536 735 586 mihi
758 535 1025 588 Graiorum
1046 543 1241 586 sacrata
1262 536 1508 586 resolvere
1528 539 1657 598 iure,

495 617 590 664 Fas
611 616 771 665 odisse
792 618 941 674 viros,
964 625 1114 681 atque
1134 616 1300 664 omnia
1321 616 1452 665 ferre
1473 616 1566 665 sub
1586 631 1760 680 auras,

496 696 548 744 Si
571 711 671 759 qua
691 703 896 762 tegunt3
930 703 1101 745 teneor
1121 697 1311 760 patriae
1329 710 1420 746 nec
1441 696 1634 760 legibus
1657 697 1787 748 ullis.

494 775 573 824 Tu
596 775 741 825 modo
761 776 1013 839 promissis
1032 790 1246 833 maneas,
1269 784 1560 839 servataque
1581 792 1751 826 serves

494 854 646 904 Troia
667 854 833 918 fldem,
854 856 897 904 si
918 870 1037 904 vera
1058 855 1235 918 feram,
1253 856 1296 904 si
1317 869 1497 920 magna
1517 857 1802 920 rependam.

557 933 731 982 Omnis
753 948 863 997 spes
883 931 1113 981 Danaum
1137 938 1187 981 et
1207 934 1369 997 coepti
1389 933 1569 983 fiducia
1590 934 1706 983 belli

496 1012 713 1061 Palladis
734 1012 933 1062 auxiliis
952 1027 1147 1077 semper
1167 1014 1318 1062 stetit.
1384 1013 1575 1078 Impius
1593 1031 1659 1063 ex
1680 1032 1783 1079 quo

495 1092 714 1157 Tydides
735 1091 820 1141 sed
841 1092 971 1140 enim
988 1092 1323 1156 scelerumque
1344 1093 1571 1142 inventor
1593 1094 1793 1157 Ulixes,

496 1171 670 1220 Fatale
691 1171 913 1236 adgressi
936 1177 1128 1220 sacrato
1148 1171 1358 1220 avellere
1382 1172 1564 1237 templo

497 1250 790 1311 Palladium,
809 1251 965 1299 caesis
985 1266 1203 1299 summae
1222 1251 1508 1300 custodibus
1527 1254 1675 1313 arcis,

495 1329 792 1394 Corripuere
815 1345 1001 1379 sacram
1025 1329 1254 1394 effigiem,
1275 1331 1599 1396 manibusque
1618 1334 1841 1381 cruentis

498 1411 767 1476 virgineas
788 1410 898 1459 ausi
919 1409 1065 1459 divae
1086 1411 1373 1476 contingere
1392 1412 1560 1473 vittas,

498 1491 578 1538 Ex
600 1489 685 1539 illo
704 1488 859 1539 fluere
882 1505 941 1539 ac
962 1496 1098 1539 retro
1120 1488 1352 1555 sublapsa
1372 1490 1548 1540 referri

498 1570 621 1635 Spes
643 1569 891 1627 Danaum,
913 1569 1101 1618 fractae
1123 1570 1269 1630 vires,
1291 1584 1465 1619 aversa
1485 1570 1607 1619 deae
1629 1586 1788 1620 mens.

498 1648 605 1697 Nec
622 1648 784 1697 dubiis
802 1661 863 1696 ea
884 1648 1028 1711 signa
1048 1646 1186 1696 dedit
1205 1646 1434 1697 Tritonia
1452 1650 1702 1699 monstris.

497 1728 603 1777 Vix
624 1728 836 1794 positum
856 1728 1032 1777 castris
1052 1725 1367 1776 simulacrum
1385 1747 1400 1779 z
1433 1742 1600 1778 arsere
1618 1744 1855 1779 coruscae

499 1808 788 1858 Luminibus
812 1807 1037 1856 flammae
1061 1809 1283 1869 arrectis,
1306 1807 1561 1873 salsusque
1584 1824 1675 1873 per
1694 1822 1838 1858 artus

495 1888 658 1938 Sudor
679 1889 753 1946 iit,
776 1895 947 1952 terque
970 1888 1079 1952 ipsa
1096 1886 1491 1938 solo—mirabile
1512 1890 1712 1939 dictu—

495 1971 727 2028 Emicuit,
738 1983 1058 2033 parmamque
1077 1967 1240 2017 ferens
1257 1968 1549 2034 hastamque
1570 1977 1876 2023 trementem.

493 2048 757 2114 Extemplo
777 2048 1062 2114 temptanda
1080 2047 1201 2113 fuga
1218 2050 1352 2098 canit
1370 2064 1589 2114 aequora
1606 2049 1831 2100 Calchas

495 2129 600 2178 Neo
621 2144 763 2193 posse
785 2128 1033 2194 Argolicis
1055 2128 1277 2177 exscindi
1297 2128 1542 2194 Pergama
1558 2131 1688 2192 telis,

493 2209 674 2258 Omina
693 2210 747 2257 ni
767 2215 992 2276 repetant
1011 2209 1188 2274 Argis,
1209 2222 1491 2274 numenque
1510 2210 1766 2269 reducant,

492 2288 638 2350 Quod
658 2289 833 2355 pelago
854 2296 905 2339 et
925 2289 1092 2338 curvis
1112 2304 1276 2338 aecum
1297 2303 1508 2338 avexere
1525 2291 1722 2340 carinis.

491 2369 559 2419 Et
579 2385 724 2427 nunc,
745 2369 877 2434 quod
895 2370 1085 2435 patrias
1105 2376 1251 2417 vento
1268 2369 1454 2434 petiere
1473 2368 1731 2435 Mycenas,

491 2450 652 2498 Arma
671 2449 886 2513 deosque
907 2457 1089 2513 parant
1112 2450 1332 2510 comites,
1355 2448 1631 2514 pelagoque
1655 2465 1875 2502 remenso

487 2530 736 2595 Inprovisi
758 2530 984 2579 aderunt.
1049 2528 1132 2578 Ita
1152 2529 1336 2594 digerit
1354 2530 1520 2579 omina
1540 2528 1771 2580 Calchas.

490 2610 633 2659 Hanc
652 2626 744 2675 pro
765 2607 987 2659 Palladio
1008 2609 1199 2670 moniti,
1222 2623 1313 2673 pro
1332 2609 1532 2657 numine
1551 2608 1687 2657 laeso

488 2689 712 2755 Effigiem
735 2697 970 2750 statuere,
993 2687 1131 2737 nefas
1154 2704 1281 2754 quae
1303 2689 1446 2738 triste
1468 2689 1643 2753 piaret.

487 2769 631 2818 Hanc
653 2777 817 2817 tamen
837 2770 1108 2818 inmensam
1126 2767 1336 2818 Calchas
1357 2768 1583 2817 attollere
1601 2767 1784 2818 molem

487 2847 771 2897 Roboribus
793 2849 945 2896 textis
967 2847 1199 2913 caeloque
1221 2848 1430 2896 edueere
1451 2848 1609 2913 iussit,
