2100 3500
479 456 573 503 260
757 446 1222 492 ANTHOLOGIA
1274 445 1570 490 LATINA.

481 543 737 603 Laxavere
759 544 927 593 sinusz
959 549 1012 591 et
1029 541 1162 589 flexo
1182 540 1350 589 navita
1372 553 1527 588 cornu

480 623 720 687 Obliquat
732 623 873 672 laevo
891 621 1017 687 pede
1035 620 1258 677 carbasa,
1283 634 1568 682 summaque
1587 617 1810 682 pandens

482 703 711 769 Suppara
729 703 949 752 velorum
971 702 1218 765 perituras
1239 700 1427 763 colligit
1445 713 1606 747 auras.

479 783 554 833 Ut
569 785 782 849 primum
803 784 957 832 levior
976 780 1246 847 propellere
1263 780 1414 828 lintea
1435 787 1610 827 ventus

476 863 677 928 Incipit,
700 863 1034 927 exiguumque
1058 867 1266 920 tument,
1288 874 1405 906 mox
1426 858 1621 907 reddita
1639 856 1771 905 malo

476 944 540 993 In
559 944 768 992 mediam
788 942 1009 992 cecidere
1028 948 1215 990 ratem:
1248 948 1479 1002 terraque
1498 938 1673 986 relicta

478 1025 594 1075 Non
613 1025 745 1074 valet
763 1026 873 1089 ipsa
893 1024 1033 1087 sequi
1051 1037 1259 1088 puppes,
1280 1036 1408 1086 quae
1429 1027 1650 1076 vexerat,
1672 1033 1809 1067 aura.

485 1106 726 1169 Aequora
748 1104 882 1152 lenta
901 1103 1080 1163 iacent,
1099 1101 1201 1150 alto
1223 1107 1418 1164 torpore
1437 1098 1605 1162 ligata.

479 1183 677 1248 Pigrius
698 1183 910 1231 immotis
928 1181 1131 1229 haesere
1149 1178 1410 1244 paludibus
1429 1177 1605 1225 undae.

1396 1261 1471 1307 Ib.
1494 1273 1543 1307 v,
1568 1261 1799 1305 424·435.

1015 1437 1270 1476 ctxxxtv.

587 1562 775 1611 Sextus
801 1561 1024 1613 consults
1052 1563 1136 1614 the
1172 1562 1481 1617 ssessalian
1524 1566 1703 1622 Witch.

493 1753 496 1757 .
540 1757 544 1761 ἡ
569 1733 597 1761 ,Ι
616 1657 716 1772 ἐς)
729 1684 982 1733 DDIDIT
1002 1691 1052 1732 et
1072 1700 1288 1745 carmen,
1311 1700 1425 1749 quc,
1447 1685 1688 1752 quidquid
1710 1703 1827 1736 con-

496 1758 608 1848 [4261
647 1740 716 1830 “Q
885 1761 1017 1823 sulit,
1038 1761 1265 1810 umbram

646 1816 715 1891 53³
762 1841 897 1892 Scire
918 1842 1066 1891 dedit.
1133 1842 1400 1899 Maestum,
1420 1841 1539 1891 fletu
1559 1852 1809 1902 manante,

491 1808 636 1897 5¹2

668 1922 894 1978 cadaver,

484 2006 499 2031 ‘
515 2003 701 2052 Tristia
722 2019 820 2052 non
841 2002 1067 2066 equidem
1091 2001 1361 2050 Parcarum
1384 2003 1630 2060 stamina,’
1650 2002 1797 2064 dixit,

476 2086 491 2111 ‘
509 2083 752 2148 Adspexi,
770 2084 950 2132 tacitae
967 2089 1222 2131 revocatus
1243 2081 1307 2130 ab
1325 2097 1508 2146 aggere
1528 2084 1667 2146 ripae
1687 2100 1701 2132 ε

477 2162 624 2223 Quod
643 2172 808 2211 tamen
823 2163 1060 2228 evcunctis
1080 2161 1204 2210 mihi
1219 2177 1419 2210 noscere
1431 2163 1637 2226 contigit
1653 2162 1854 2220 umbris.

475 2246 643 2295 Effera
662 2247 909 2294 Romanos
928 2246 1086 2310 agitat
1104 2244 1348 2293 discordia
1367 2259 1552 2301 manee,

475 2327 732 2392 Impiaque
753 2326 997 2374 infernam
1015 2331 1257 2389 ruperunt
1275 2340 1414 2373 arma
1432 2327 1664 2389 quietem.

476 2409 675 2472 Elysias
696 2407 781 2456 alii
801 2406 958 2468 sedes,
978 2422 1036 2454 ac
1057 2405 1272 2454 Tartara
1294 2412 1486 2454 maesta

475 2489 673 2537 Diversi
692 2487 879 2550 liquere
900 2485 1049 2534 duces
1076 2504 1089 2534 ε
1121 2484 1242 2550 quid
1262 2484 1368 2533 fata
1386 2494 1635 2549 pararent,

474 2565 543 2617 Hi
567 2568 727 2617 fecere
745 2567 923 2631 palam.
989 2564 1172 2614 Tristis
1191 2564 1415 2615 felicibus
1435 2565 1623 2614 umbris

478 2649 666 2698 Vultus
687 2656 809 2696 erat.
876 2645 1001 2695 Vidi
1021 2645 1219 2707 Decioe,
1240 2652 1512 2709 natumque
1530 2653 1838 2710 patremque,

472 2727 727 2776 Lustrales
749 2726 891 2775 bellis
910 2727 1116 2787 animas,
1135 2725 1431 2788 flentemque
1451 2724 1732 2788 Camillum,

474 2807 542 2879 Et
561 2807 767 2869 Curios3
805 2805 993 2856 Sullam
1012 2805 1074 2853 de
1095 2813 1164 2866 te,
1184 2805 1425 2863 Fortuna,
1446 2813 1751 2867 querentem.
