2100 3500
478 441 571 488 34²
764 420 1228 467 ANTHozoou
1270 422 1357 464 La
1371 421 1560 463 TJNA.

1054 546 1287 583 oczxvu.

553 627 972 698 Epithalamium
999 629 1072 696 of
1089 627 1368 681 Palladias
1394 627 1500 679 aad
1532 625 1799 679 Celerina.

498 724 724 839 ςῇξῆὲἷ
734 765 915 816 ΟΒΤΕ
937 768 1114 817 Venus
1135 767 1313 817 blando
1334 767 1614 831 quaesitum
1636 764 1816 827 frigore

503 826 718 921 Θιῖῑᾶῖἓ
890 863 1086 896 somnos

498 911 611 956 τῦ*
657 898 720 951 ⁸¹²
765 925 967 977 Vitibus
990 929 1168 976 intexti
1190 929 1376 992 gremio
1390 935 1693 977 successerat
1712 928 1851 982 antri.

480 1009 742 1072 Densaque
763 1008 977 1057 sidereos
999 1023 1086 1072 per
1106 1011 1333 1071 gramina
1354 1008 1550 1057 fuderat
1570 1015 1731 1068 artus,

480 1090 699 1139 Aoelinis
718 1088 894 1138 florum
915 1089 1129 1138 cumulO.
1194 1088 1454 1153 crispatur
1474 1104 1623 1152 opaea

480 1169 766 1233 Pampinus‚
788 1177 839 1218 et
857 1171 1001 1218 mites
1022 1168 1223 1218 sudanti
1244 1169 1450 1217 ventilat
1468 1183 1606 1217 uvas.

482 1251 582 1299 Ora
603 1249 742 1299 decet
761 1249 984 1312 neglecta
999 1265 1160 1314 sopor,
1182 1250 1373 1299 fastidit
1391 1251 1622 1297 amictum

481 1331 683 1390 Aestus,
704 1336 840 1379 etex
862 1330 961 1378 uda
981 1330 1286 1379 translucent
1308 1337 1510 1394 pectora
1528 1329 1718 1378 fronde.

480 1410 666 1459 Idaliae
688 1412 831 1459 iuxta
853 1411 1084 1471 famulae,
1105 1410 1386 1475 triplexque
1406 1411 1616 1459 vicissim

480 1491 529 1538 N
532 1506 627 1539 exa
649 1489 740 1539 sub
762 1492 952 1555 ingenti
973 1491 1234 1554 requiescit
1258 1490 1438 1540 Gratia
1458 1505 1659 1554 quercu.

480 1570 690 1619 Pennati
712 1572 894 1635 passim
918 1572 1078 1635 pueri,
1100 1587 1198 1635 quo
1219 1584 1462 1636 quemque
1485 1571 1676 1620 vocavit

481 1650 689 1711 Umbra,
711 1653 885 1699 iacent.
954 1650 1178 1700 Fluitant
1199 1666 1360 1702 arcus.
1384 1653 1630 1714 ramisque
1654 1667 1763 1715 pro·

669 1731 883 1796 pinquis.

482 1811 756 1861 Pendentes
776 1812 966 1876 placido
988 1813 1236 1878 suspirant
1259 1814 1372 1875 igne
1392 1813 1669 1877 pharetrae.

480 1892 605 1940 Pars
626 1892 800 1954 vigiles
821 1892 1015 1950 ludunt,
1038 1901 1126 1942 aut
1147 1909 1236 1958 per
1256 1894 1475 1957 virgulta
1499 1901 1733 1956 vagantes

481 1970 779 2021 Sel-utantur
799 1973 939 2022 nidos
959 1974 1144 2034 avium,
1166 1973 1244 2022 vel
1263 1974 1456 2022 roscida
1475 1973 1593 2022 laeti

483 2051 621 2099 Mala
642 2052 812 2117 legunt
835 2052 1018 2101 donum
1051 2053 1270 2115 Veneris,
1290 2053 1546 2117 flexusque
1567 2061 1798 2103 secuntur

481 2131 707 2180 Palmitis
728 2140 779 2181 et
800 2148 1017 2181 summas
1037 2135 1211 2197 pennis
1228 2135 1473 2184 librantur
1497 2136 1550 2182 in
1572 2134 1742 2183 ulmos.

482 2210 768 2260 Defendunt
790 2214 874 2262 alii
896 2213 1091 2278 lucum3
1128 2213 1454 2279 Dryadasque
1474 2229 1704 2279 proeaees

482 2293 744 2358 Spectandi
765 2296 967 2358 cupidas
988 2303 1039 2344 et
1059 2296 1245 2344 rustica
1265 2296 1469 2344 numina
1489 2295 1698 2359 pellunt,

484 2375 836 2437 silvestresque
857 2375 973 2425 deon
995 2375 1234 2438 longeque
1256 2375 1508 2424 tuentibus
1529 2385 1728 2424 antrum

482 2455 733 2503 Flammea
755 2455 946 2504 lascivis
967 2455 1233 2504 intendunt
1254 2455 1444 2519 spicula
1466 2456 1669 2504 Faunis.

483 2535 608 2585 Cum
632 2535 794 2583 subito
817 2536 984 2583 varius
1008 2537 1165 2584 vicina
1185 2535 1368 2584 elamor
1390 2536 1453 2584 ab
1477 2536 1617 2596 urbe,

486 2616 551 2663 Et
574 2616 723 2663 fausti
745 2617 976 2664 iuvenum
998 2615 1218 2680 plausus,
1240 2616 1524 2680 mixtaeque
1545 2616 1737 2665 choreis

485 2694 702 2743 Audit-ae
724 2711 812 2759 per
831 2711 950 2743 rura
971 2696 1125 2759 lyrae.
1192 2695 1419 2746 Celerina
1441 2712 1528 2760 per
1547 2712 1718 2745 omnes

486 2772 661 2821 Italiae
681 2776 876 2823 canitur
897 2785 1104 2835 montes,
1128 2777 1383 2839 omnisque
1404 2778 1638 2824 maritum
