2100 3500
770 422 1153 469 HORATIUS.
1593 445 1673 491 ¹5⁸

417 512 554 562 Pone
578 529 658 562 me
678 516 836 579 pigris
858 516 940 565 ubi
963 518 1101 567 nulla
1121 519 1308 583 eampis

415 592 588 640 Arbor
609 594 798 643 aestiva
817 604 1073 645 recreatur
1091 612 1232 657 aura,

414 670 561 731 Quod
585 671 718 722 latus
739 676 913 725 mundi
931 677 1143 727 nebulae
1163 678 1422 744 malusque

544 754 775 819 Iuppiter
800 765 977 822 urget3

414 863 553 914 Pone
573 865 667 916 sub
687 883 837 917 curru
858 870 1064 919 nimium
1084 872 1350 936 propinqui

414 944 543 994 Solis
564 947 616 994 in
638 954 772 997 terra
788 948 1020 1000 domibus
1040 958 1225 1015 negata
1246 970 1259 1002 τ

414 1024 574 1074 Dulee
593 1026 834 1077 ridentem
852 1028 1074 1095 Lalagen
1094 1030 1286 1089 amabe,

546 1107 706 1157 Dulee
728 1110 1026 1175 loquentem.
1571 1180 1600 1192 ..

1436 1192 1471 1227 1.
1494 1194 1615 1229 xxii.

885 1264 1029 1302 CXIV.

813 1367 892 1421 To
919 1369 1109 1437 Lydia.

424 1602 439 1617 „·
600 1555 706 1604 Nec
727 1557 988 1622 quisquam
1011 1557 1173 1620 potior
1193 1557 1423 1606 bracchia
1443 1558 1679 1608 candidae

299 1652 330 1693 τ(
405 1674 420 1690 ,.
465 1648 486 1684 ἢ
562 1636 756 1686 Cerviei
774 1636 963 1685 iuvenis
983 1636 1150 1697 dabat,

420 1716 689 1767 Persarum
710 1716 848 1782 vigui
870 1731 988 1782 rege
1009 1716 1214 1767 beatior.

357 1845 372 1867 ⁸
386 1839 557 1888 Donec
575 1854 676 1888 non
695 1837 795 1887 alia
814 1840 974 1904 magis

419 1919 605 1967 Arsisti
627 1933 786 1982 neque
807 1925 918 1967 erat
939 1917 1104 1983 Lydia
1123 1926 1237 1982 post
1258 1917 1464 1976 Chloen,

355 1998 508 2047 Multi
526 1997 689 2063 Lydia
709 1999 922 2047 nominis

418 2079 643 2127 Romana
662 2078 801 2142 vigui
820 2077 1000 2128 clarior
1022 2077 1156 2128 Ilia)

354 2198 440 2246 Me
462 2197 1008 2248 nune'rhraessachloe
1029 2201 1161 2264 regit
1254 2200 1260 2204 ’

417 2279 593 2329 Dulcis
611 2280 757 2329 docta
773 2280 944 2330 modos
966 2289 1017 2330 et
1037 2280 1256 2332 citharae
1278 2283 1453 2345 sciens,

355 2359 455 2408 Pro
477 2372 577 2423 qua
597 2376 696 2408 non
718 2369 933 2409 metuam
954 2361 1100 2424 mori,

420 2439 474 2488 Si
494 2448 697 2504 parcent
717 2442 908 2490 animae
931 2441 1036 2490 fata
1056 2441 1324 2506 superstiti.

353 2566 367 2591 ‘
384 2565 469 2613 Me
489 2573 646 2615 torret
668 2565 774 2614 face
795 2574 970 2614 mutua
1179 2616 1182 2621 ,
1264 2607 1276 2618 .

417 2644 630 2694 Thurini
651 2645 817 2696 Calais
838 2646 969 2695 filius
991 2645 1192 2711 Ornyti,

354 2724 455 2773 Pro
474 2740 574 2789 quo
594 2725 671 2795 bis
693 2726 852 2790 patiar
874 2728 1017 2787 mori,

419 2803 471 2854 Si
493 2814 696 2871 parcent
714 2821 867 2871 puero
888 2806 990 2856 fata
1011 2806 1298 2873 superstiti?
