<?xml version="1.0" encoding="UTF-8"?>
<!DOCTYPE html PUBLIC "-//W3C//DTD XHTML 1.0 Transitional//EN"
    "http://www.w3.org/TR/xhtml1/DTD/xhtml1-transitional.dtd">
<html xmlns="http://www.w3.org/1999/xhtml" xml:lang="en" lang="en">
 <head>
  <title>
</title>
<meta http-equiv="Content-Type" content="text/html;charset=utf-8" />
  <meta name='ocr-system' content='tesseract 3.04.00' />
  <meta name='ocr-capabilities' content='ocr_page ocr_carea ocr_par ocr_line ocrx_word'/>
</head>
<body>
  <div class='ocr_page' id='page_1' title='image "./anthologialatin03thacgoog_0347.png"; bbox 0 0 2100 3500; ppageno 0'>
   <div class='ocr_carea' id='block_1_1' title="bbox 690 400 1638 463">
    <p class='ocr_par' dir='ltr' id='par_1_1' title="bbox 690 400 1638 463">
     <span class='ocr_line' id='line_1_1' title="bbox 690 400 1638 463; baseline 0.005 -18"><span class='ocrx_word' id='word_1_1' title='bbox 690 400 816 445; x_wconf 72' lang='grc' dir='ltr'><strong>οιΑ</strong></span> <span class='ocrx_word' id='word_1_2' title='bbox 833 401 1168 444; x_wconf 74' lang='lat' dir='ltr'><strong><em>UDIANUS.</em></strong></span> <span class='ocrx_word' id='word_1_3' title='bbox 1531 408 1638 463; x_wconf 83' lang='lat'><strong>327·</strong></span> 
     </span>
    </p>
   </div>
   <div class='ocr_carea' id='block_1_2' title="bbox 247 493 1557 874">
    <p class='ocr_par' dir='ltr' id='par_1_2' title="bbox 247 493 1557 874">
     <span class='ocr_line' id='line_1_2' title="bbox 247 493 1322 559; baseline -0.001 -16"><span class='ocrx_word' id='word_1_4' title='bbox 247 493 430 543; x_wconf 76' lang='lat' dir='ltr'><strong>Fecisti</strong></span> <span class='ocrx_word' id='word_1_5' title='bbox 451 495 661 558; x_wconf 80' lang='lat' dir='ltr'><strong>patriam</strong></span> <span class='ocrx_word' id='word_1_6' title='bbox 681 494 889 543; x_wconf 81' lang='lat' dir='ltr'><strong>diversis</strong></span> <span class='ocrx_word' id='word_1_7' title='bbox 908 493 1137 559; x_wconf 81' lang='lat' dir='ltr'><strong>gentibus</strong></span> <span class='ocrx_word' id='word_1_8' title='bbox 1157 509 1322 554; x_wconf 84' lang='lat' dir='ltr'><strong>unam,</strong></span> 
     </span>
     <span class='ocr_line' id='line_1_3' title="bbox 316 573 1282 638; baseline 0.001 -18"><span class='ocrx_word' id='word_1_9' title='bbox 316 573 509 622; x_wconf 77' lang='lat' dir='ltr'><strong>Profuit</strong></span> <span class='ocrx_word' id='word_1_10' title='bbox 529 574 740 633; x_wconf 88' lang='lat' dir='ltr'><strong>iniustis,</strong></span> <span class='ocrx_word' id='word_1_11' title='bbox 761 581 810 622; x_wconf 87' lang='lat' dir='ltr'><strong>te</strong></span> <span class='ocrx_word' id='word_1_12' title='bbox 831 573 1127 634; x_wconf 78' lang='lat' dir='ltr'><strong>dominante,</strong></span> <span class='ocrx_word' id='word_1_13' title='bbox 1148 575 1282 638; x_wconf 80' lang='lat' dir='ltr'><strong>capi3</strong></span> 
     </span>
     <span class='ocr_line' id='line_1_4' title="bbox 249 652 1438 718; baseline 0.002 -17"><span class='ocrx_word' id='word_1_14' title='bbox 249 653 482 715; x_wconf 81' lang='lat' dir='ltr'><strong>Dumque</strong></span> <span class='ocrx_word' id='word_1_15' title='bbox 503 652 649 701; x_wconf 79' lang='lat' dir='ltr'><strong>offers</strong></span> <span class='ocrx_word' id='word_1_16' title='bbox 668 655 809 703; x_wconf 83' lang='lat' dir='ltr'><strong>victis</strong></span> <span class='ocrx_word' id='word_1_17' title='bbox 830 654 1017 718; x_wconf 86' lang='lat' dir='ltr'><strong>proprii</strong></span> <span class='ocrx_word' id='word_1_18' title='bbox 1035 655 1279 702; x_wconf 84' lang='lat' dir='ltr'><strong>consortia</strong></span> <span class='ocrx_word' id='word_1_19' title='bbox 1300 653 1438 713; x_wconf 89' lang='lat' dir='ltr'><strong>iuris,</strong></span> 
     </span>
     <span class='ocr_line' id='line_1_5' title="bbox 311 732 1287 797; baseline 0.001 -16"><span class='ocrx_word' id='word_1_20' title='bbox 311 732 500 782; x_wconf 84' lang='lat' dir='ltr'><strong>Urbem</strong></span> <span class='ocrx_word' id='word_1_21' title='bbox 523 733 680 782; x_wconf 77' lang='lat' dir='ltr'><strong>fecisti</strong></span> <span class='ocrx_word' id='word_1_22' title='bbox 702 733 834 797; x_wconf 83' lang='lat' dir='ltr'><strong>quod</strong></span> <span class='ocrx_word' id='word_1_23' title='bbox 852 735 991 797; x_wconf 89' lang='lat' dir='ltr'><strong>prius</strong></span> <span class='ocrx_word' id='word_1_24' title='bbox 1010 733 1143 783; x_wconf 88' lang='lat' dir='ltr'><strong>orbis</strong></span> <span class='ocrx_word' id='word_1_25' title='bbox 1165 740 1287 782; x_wconf 86' lang='lat' dir='ltr'><strong>erat.</strong></span> 
     </span>
     <span class='ocr_line' id='line_1_6' title="bbox 729 815 1557 874; baseline -0.007 -7"><span class='ocrx_word' id='word_1_26' title='bbox 729 818 803 868; x_wconf 80' lang='lat' dir='ltr'><strong>De</strong></span> <span class='ocrx_word' id='word_1_27' title='bbox 822 815 1002 865; x_wconf 73' lang='lat' dir='ltr'><strong>Reditu</strong></span> <span class='ocrx_word' id='word_1_28' title='bbox 1019 830 1118 874; x_wconf 70' lang='lat' dir='ltr'><strong>suo,</strong></span> <span class='ocrx_word' id='word_1_29' title='bbox 1141 815 1238 862; x_wconf 76' lang='lat' dir='ltr'><strong>Lib.</strong></span> <span class='ocrx_word' id='word_1_30' title='bbox 1261 826 1296 862; x_wconf 86' lang='lat'><strong>1.</strong></span> <span class='ocrx_word' id='word_1_31' title='bbox 1323 828 1370 862; x_wconf 82' lang='lat' dir='ltr'><strong>v.</strong></span> <span class='ocrx_word' id='word_1_32' title='bbox 1397 818 1557 861; x_wconf 79' lang='grc'><strong>43-66.</strong></span> 
     </span>
    </p>
   </div>
   <div class='ocr_carea' id='block_1_3' title="bbox 500 1137 1372 1190">
    <p class='ocr_par' dir='ltr' id='par_1_3' title="bbox 500 1137 1372 1190">
     <span class='ocr_line' id='line_1_7' title="bbox 500 1137 1372 1190; baseline 0.001 -2"><span class='ocrx_word' id='word_1_33' title='bbox 500 1137 857 1188; x_wconf 79' lang='lat' dir='ltr'>CLAUDIUS</span> <span class='ocrx_word' id='word_1_34' title='bbox 896 1137 1372 1190; x_wconf 84' lang='lat' dir='ltr'>CLAUDIANUS.</span> 
     </span>
    </p>
   </div>
   <div class='ocr_carea' id='block_1_4' title="bbox 243 1654 495 1733">
    <p class='ocr_par' dir='ltr' id='par_1_4' title="bbox 243 1654 495 1733">
     <span class='ocr_line' id='line_1_8' title="bbox 243 1654 495 1733; baseline 0 -51"><span class='ocrx_word' id='word_1_35' title='bbox 243 1654 268 1682; x_wconf 95' lang='lat' dir='ltr'><strong>  </strong></span> <span class='ocrx_word' id='word_1_36' title='bbox 479 1661 495 1733; x_wconf 95' lang='lat' dir='ltr'><strong>  </strong></span> 
     </span>
    </p>
   </div>
   <div class='ocr_carea' id='block_1_5' title="bbox 259 1312 1558 1831">
    <p class='ocr_par' dir='ltr' id='par_1_5' title="bbox 259 1312 1558 1831">
     <span class='ocr_line' id='line_1_9' title="bbox 859 1312 1039 1354; baseline 0.022 -4"><span class='ocrx_word' id='word_1_37' title='bbox 859 1312 1039 1354; x_wconf 69' lang='lat' dir='ltr'>CCLVI-</span> 
     </span>
     <span class='ocr_line' id='line_1_10' title="bbox 654 1430 1217 1502; baseline 0.007 -20"><span class='ocrx_word' id='word_1_38' title='bbox 654 1431 719 1483; x_wconf 79' lang='lat' dir='ltr'><strong>In</strong></span> <span class='ocrx_word' id='word_1_39' title='bbox 744 1431 998 1502; x_wconf 75' lang='lat' dir='ltr'><strong>Rufinum.</strong></span> <span class='ocrx_word' id='word_1_40' title='bbox 1030 1431 1152 1486; x_wconf 89' lang='lat' dir='ltr'><strong>Lib.</strong></span> <span class='ocrx_word' id='word_1_41' title='bbox 1180 1430 1217 1486; x_wconf 79' lang='lat' dir='ltr'><strong>i.</strong></span> 
     </span>
     <span class='ocr_line' id='line_1_11' title="bbox 776 1558 1086 1613; baseline 0.006 -3"><span class='ocrx_word' id='word_1_42' title='bbox 776 1558 1086 1613; x_wconf 70' lang='lat' dir='ltr'><strong>Exordium.</strong></span> 
     </span>
     <span class='ocr_line' id='line_1_12' title="bbox 259 1667 1558 1791; baseline 0.004 -58"><span class='ocrx_word' id='word_1_43' title='bbox 259 1667 479 1791; x_wconf 52' lang='grc' dir='ltr'><strong>ῑῖρῧὶῖ</strong></span> <span class='ocrx_word' id='word_1_44' title='bbox 495 1686 683 1757; x_wconf 67' lang='lat' dir='ltr'><strong>mn</strong></span> <span class='ocrx_word' id='word_1_45' title='bbox 721 1688 843 1737; x_wconf 84' lang='lat' dir='ltr'><strong>mihi</strong></span> <span class='ocrx_word' id='word_1_46' title='bbox 881 1688 1081 1738; x_wconf 83' lang='lat' dir='ltr'><strong>dubiam</strong></span> <span class='ocrx_word' id='word_1_47' title='bbox 1122 1690 1279 1739; x_wconf 78' lang='lat' dir='ltr'><strong>traxit</strong></span> <span class='ocrx_word' id='word_1_48' title='bbox 1319 1691 1558 1739; x_wconf 84' lang='lat' dir='ltr'><strong>sententia</strong></span> 
     </span>
     <span class='ocr_line' id='line_1_13' title="bbox 260 1742 884 1831; baseline 0.056 -46"><span class='ocrx_word' id='word_1_49' title='bbox 260 1742 343 1800; x_wconf 40' lang='grc' dir='ltr'><strong>«ζ</strong></span> <span class='ocrx_word' id='word_1_50' title='bbox 411 1766 479 1791; x_wconf 69' lang='lat'><strong>0-</strong></span> <span class='ocrx_word' id='word_1_51' title='bbox 654 1775 884 1831; x_wconf 79' lang='lat' dir='ltr'><strong>mentem,</strong></span> 
     </span>
    </p>
   </div>
   <div class='ocr_carea' id='block_1_6' title="bbox 243 1682 259 1904">
    <p class='ocr_par' dir='ltr' id='par_1_6' title="bbox 243 1682 259 1904">
     <span class='ocr_line' id='line_1_14' title="bbox 243 1682 259 1743; baseline 0 0"><span class='ocrx_word' id='word_1_52' title='bbox 243 1682 259 1743; x_wconf 95' lang='lat' dir='ltr'><strong>  </strong></span> 
     </span>
     <span class='ocr_line' id='line_1_15' title="bbox 248 1743 257 1904; baseline 0 -58"><span class='ocrx_word' id='word_1_53' title='bbox 248 1743 257 1904; x_wconf 95' lang='lat' dir='ltr'><strong>  </strong></span> 
     </span>
    </p>
   </div>
   <div class='ocr_carea' id='block_1_7' title="bbox 243 1787 1619 2862">
    <p class='ocr_par' dir='ltr' id='par_1_7' title="bbox 247 1787 1619 1983">
     <span class='ocr_line' id='line_1_16' title="bbox 257 1787 1619 1921; baseline 0.004 -29"><span class='ocrx_word' id='word_1_54' title='bbox 257 1787 481 1894; x_wconf 37' lang='grc' dir='ltr'><strong>Ἒξαὲθιῖ</strong></span> <span class='ocrx_word' id='word_1_55' title='bbox 525 1844 771 1896; x_wconf 79' lang='lat' dir='ltr'><strong>curarent</strong></span> <span class='ocrx_word' id='word_1_56' title='bbox 794 1846 972 1913; x_wconf 88' lang='lat' dir='ltr'><strong>Superi</strong></span> <span class='ocrx_word' id='word_1_57' title='bbox 981 1855 1163 1921; x_wconf 27' lang='lat' dir='ltr'><strong>‘terram</strong></span> <span class='ocrx_word' id='word_1_58' title='bbox 1177 1863 1242 1897; x_wconf 84' lang='lat' dir='ltr'><strong>an</strong></span> <span class='ocrx_word' id='word_1_59' title='bbox 1263 1848 1427 1897; x_wconf 87' lang='lat' dir='ltr'><strong>nullus</strong></span> <span class='ocrx_word' id='word_1_60' title='bbox 1442 1849 1619 1898; x_wconf 78' lang='lat' dir='ltr'><strong>inesset</strong></span> 
     </span>
     <span class='ocr_line' id='line_1_17' title="bbox 247 1925 1350 1983; baseline 0.004 -10"><span class='ocrx_word' id='word_1_61' title='bbox 247 1925 443 1983; x_wconf 80' lang='lat' dir='ltr'><strong>Rector,</strong></span> <span class='ocrx_word' id='word_1_62' title='bbox 464 1932 517 1974; x_wconf 87' lang='lat' dir='ltr'><strong>et</strong></span> <span class='ocrx_word' id='word_1_63' title='bbox 537 1926 723 1975; x_wconf 79' lang='lat' dir='ltr'><strong>ineerto</strong></span> <span class='ocrx_word' id='word_1_64' title='bbox 745 1926 954 1976; x_wconf 86' lang='lat' dir='ltr'><strong>fluerent</strong></span> <span class='ocrx_word' id='word_1_65' title='bbox 974 1928 1201 1977; x_wconf 86' lang='lat' dir='ltr'><strong>mortalia</strong></span> <span class='ocrx_word' id='word_1_66' title='bbox 1219 1943 1350 1977; x_wconf 79' lang='lat' dir='ltr'><strong>casu.</strong></span> 
     </span>
    </p>

    <p class='ocr_par' dir='ltr' id='par_1_8' title="bbox 243 2003 1520 2387">
     <span class='ocr_line' id='line_1_18' title="bbox 246 2003 1520 2070; baseline 0.002 -18"><span class='ocrx_word' id='word_1_67' title='bbox 246 2003 394 2066; x_wconf 85' lang='lat' dir='ltr'><strong>Nam,</strong></span> <span class='ocrx_word' id='word_1_68' title='bbox 414 2020 526 2053; x_wconf 84' lang='lat' dir='ltr'><strong>oum</strong></span> <span class='ocrx_word' id='word_1_69' title='bbox 548 2005 773 2070; x_wconf 78' lang='lat' dir='ltr'><strong>dispositi</strong></span> <span class='ocrx_word' id='word_1_70' title='bbox 794 2008 1091 2070; x_wconf 79' lang='lat' dir='ltr'><strong>quaesissem</strong></span> <span class='ocrx_word' id='word_1_71' title='bbox 1114 2007 1312 2056; x_wconf 81' lang='lat' dir='ltr'><strong>foedera</strong></span> <span class='ocrx_word' id='word_1_72' title='bbox 1332 2008 1520 2069; x_wconf 87' lang='lat' dir='ltr'><strong>mundi,</strong></span> 
     </span>
     <span class='ocr_line' id='line_1_19' title="bbox 246 2078 1476 2148; baseline 0.005 -21"><span class='ocrx_word' id='word_1_73' title='bbox 246 2078 678 2145; x_wconf 74' lang='lat' dir='ltr'><strong>Praesoripwsque</strong></span> <span class='ocrx_word' id='word_1_74' title='bbox 698 2084 824 2130; x_wconf 86' lang='lat' dir='ltr'><strong>mari</strong></span> <span class='ocrx_word' id='word_1_75' title='bbox 845 2083 985 2145; x_wconf 80' lang='lat' dir='ltr'><strong>fines,</strong></span> <span class='ocrx_word' id='word_1_76' title='bbox 1007 2084 1245 2148; x_wconf 85' lang='lat' dir='ltr'><strong>annisque</strong></span> <span class='ocrx_word' id='word_1_77' title='bbox 1266 2091 1476 2146; x_wconf 75' lang='lat' dir='ltr'><strong>meatuS,</strong></span> 
     </span>
     <span class='ocr_line' id='line_1_20' title="bbox 246 2159 1411 2228; baseline 0.006 -21"><span class='ocrx_word' id='word_1_78' title='bbox 246 2159 311 2209; x_wconf 82' lang='lat' dir='ltr'><strong>Et</strong></span> <span class='ocrx_word' id='word_1_79' title='bbox 331 2160 457 2210; x_wconf 81' lang='lat' dir='ltr'><strong>lueis</strong></span> <span class='ocrx_word' id='word_1_80' title='bbox 477 2163 731 2227; x_wconf 77' lang='lat' dir='ltr'><strong>noctisque</strong></span> <span class='ocrx_word' id='word_1_81' title='bbox 752 2164 907 2228; x_wconf 82' lang='lat' dir='ltr'><strong>vioes3</strong></span> <span class='ocrx_word' id='word_1_82' title='bbox 943 2170 1061 2212; x_wconf 82' lang='lat' dir='ltr'><strong>tune</strong></span> <span class='ocrx_word' id='word_1_83' title='bbox 1083 2166 1246 2212; x_wconf 86' lang='lat' dir='ltr'><strong>omnia</strong></span> <span class='ocrx_word' id='word_1_84' title='bbox 1266 2164 1411 2214; x_wconf 85' lang='lat' dir='ltr'><strong>rebar</strong></span> 
     </span>
     <span class='ocr_line' id='line_1_21' title="bbox 243 2240 1420 2314; baseline 0.004 -26"><span class='ocrx_word' id='word_1_85' title='bbox 243 2240 462 2289; x_wconf 86' lang='lat' dir='ltr'><strong>Consilio</strong></span> <span class='ocrx_word' id='word_1_86' title='bbox 481 2242 679 2291; x_wconf 82' lang='lat' dir='ltr'><strong>firmata</strong></span> <span class='ocrx_word' id='word_1_87' title='bbox 700 2243 815 2305; x_wconf 89' lang='lat' dir='ltr'><strong>Dei,</strong></span> <span class='ocrx_word' id='word_1_88' title='bbox 836 2244 923 2308; x_wconf 90' lang='lat' dir='ltr'><strong>qui</strong></span> <span class='ocrx_word' id='word_1_89' title='bbox 945 2244 1056 2309; x_wconf 87' lang='lat' dir='ltr'><strong>lege</strong></span> <span class='ocrx_word' id='word_1_90' title='bbox 1078 2247 1261 2294; x_wconf 86' lang='lat' dir='ltr'><strong>moveri</strong></span> <span class='ocrx_word' id='word_1_91' title='bbox 1413 2305 1420 2314; x_wconf 35' lang='lat'>⁸</span> 
     </span>
     <span class='ocr_line' id='line_1_22' title="bbox 246 2320 1359 2387; baseline 0.004 -20"><span class='ocrx_word' id='word_1_92' title='bbox 246 2320 437 2382; x_wconf 82' lang='lat' dir='ltr'><strong>Sidera,</strong></span> <span class='ocrx_word' id='word_1_93' title='bbox 460 2323 545 2385; x_wconf 89' lang='lat' dir='ltr'><strong>qui</strong></span> <span class='ocrx_word' id='word_1_94' title='bbox 565 2323 732 2386; x_wconf 83' lang='lat' dir='ltr'><strong>fruges</strong></span> <span class='ocrx_word' id='word_1_95' title='bbox 752 2322 945 2371; x_wconf 81' lang='lat' dir='ltr'><strong>diverso</strong></span> <span class='ocrx_word' id='word_1_96' title='bbox 967 2332 1184 2387; x_wconf 87' lang='lat' dir='ltr'><strong>tempore</strong></span> <span class='ocrx_word' id='word_1_97' title='bbox 1207 2325 1359 2385; x_wconf 85' lang='lat' dir='ltr'><strong>nasci,</strong></span> 
     </span>
    </p>

    <p class='ocr_par' dir='ltr' id='par_1_9' title="bbox 246 2399 1417 2617">
     <span class='ocr_line' id='line_1_23' title="bbox 247 2399 1343 2470; baseline 0.005 -22"><span class='ocrx_word' id='word_1_98' title='bbox 247 2399 349 2459; x_wconf 80' lang='lat' dir='ltr'><strong>Qui</strong></span> <span class='ocrx_word' id='word_1_99' title='bbox 371 2403 559 2450; x_wconf 82' lang='lat' dir='ltr'><strong>variam</strong></span> <span class='ocrx_word' id='word_1_100' title='bbox 581 2401 815 2452; x_wconf 84' lang='lat' dir='ltr'><strong>Phoeben</strong></span> <span class='ocrx_word' id='word_1_101' title='bbox 837 2404 998 2453; x_wconf 86' lang='lat' dir='ltr'><strong>alieno</strong></span> <span class='ocrx_word' id='word_1_102' title='bbox 1018 2406 1220 2453; x_wconf 84' lang='lat' dir='ltr'><strong>iusserit</strong></span> <span class='ocrx_word' id='word_1_103' title='bbox 1237 2406 1343 2470; x_wconf 81' lang='lat' dir='ltr'><strong>igni</strong></span> 
     </span>
     <span class='ocr_line' id='line_1_24' title="bbox 246 2476 1417 2546; baseline 0.005 -21"><span class='ocrx_word' id='word_1_104' title='bbox 246 2476 513 2541; x_wconf 82' lang='lat' dir='ltr'><strong>Compleri,</strong></span> <span class='ocrx_word' id='word_1_105' title='bbox 534 2478 793 2544; x_wconf 85' lang='lat' dir='ltr'><strong>Solemque</strong></span> <span class='ocrx_word' id='word_1_106' title='bbox 816 2496 921 2545; x_wconf 89' lang='lat' dir='ltr'><strong>suo,</strong></span> <span class='ocrx_word' id='word_1_107' title='bbox 970 2482 1249 2546; x_wconf 80' lang='lat' dir='ltr'><strong>porrexerit</strong></span> <span class='ocrx_word' id='word_1_108' title='bbox 1270 2481 1417 2531; x_wconf 85' lang='lat' dir='ltr'><strong>undis</strong></span> 
     </span>
     <span class='ocr_line' id='line_1_25' title="bbox 246 2555 1292 2617; baseline 0.004 -12"><span class='ocrx_word' id='word_1_109' title='bbox 246 2555 437 2617; x_wconf 82' lang='lat' dir='ltr'><strong>Litora,</strong></span> <span class='ocrx_word' id='word_1_110' title='bbox 486 2558 710 2607; x_wconf 82' lang='lat' dir='ltr'><strong>tellurem</strong></span> <span class='ocrx_word' id='word_1_111' title='bbox 730 2559 892 2609; x_wconf 87' lang='lat' dir='ltr'><strong>medio</strong></span> <span class='ocrx_word' id='word_1_112' title='bbox 911 2559 1166 2609; x_wconf 84' lang='lat' dir='ltr'><strong>libraverit</strong></span> <span class='ocrx_word' id='word_1_113' title='bbox 1187 2576 1292 2609; x_wconf 84' lang='lat' dir='ltr'><strong>axe.</strong></span> 
     </span>
    </p>

    <p class='ocr_par' dir='ltr' id='par_1_10' title="bbox 246 2636 1431 2862">
     <span class='ocr_line' id='line_1_26' title="bbox 247 2636 1410 2701; baseline 0.002 -16"><span class='ocrx_word' id='word_1_114' title='bbox 247 2636 363 2698; x_wconf 85' lang='lat' dir='ltr'><strong>Sed,</strong></span> <span class='ocrx_word' id='word_1_115' title='bbox 384 2653 496 2685; x_wconf 85' lang='lat' dir='ltr'><strong>cum</strong></span> <span class='ocrx_word' id='word_1_116' title='bbox 519 2653 599 2687; x_wconf 86' lang='lat' dir='ltr'><strong>res</strong></span> <span class='ocrx_word' id='word_1_117' title='bbox 618 2637 870 2687; x_wconf 87' lang='lat' dir='ltr'><strong>hominum</strong></span> <span class='ocrx_word' id='word_1_118' title='bbox 890 2646 1030 2688; x_wconf 86' lang='lat' dir='ltr'><strong>tanta</strong></span> <span class='ocrx_word' id='word_1_119' title='bbox 1050 2640 1259 2701; x_wconf 83' lang='lat' dir='ltr'><strong>caligine</strong></span> <span class='ocrx_word' id='word_1_120' title='bbox 1280 2640 1410 2688; x_wconf 82' lang='lat' dir='ltr'><strong>volvi</strong></span> 
     </span>
     <span class='ocr_line' id='line_1_27' title="bbox 246 2715 1431 2782; baseline 0.002 -19"><span class='ocrx_word' id='word_1_121' title='bbox 246 2715 587 2781; x_wconf 73' lang='lat' dir='ltr'><strong>Adspicerem,</strong></span> <span class='ocrx_word' id='word_1_122' title='bbox 609 2717 861 2782; x_wconf 81' lang='lat' dir='ltr'><strong>laetosque</strong></span> <span class='ocrx_word' id='word_1_123' title='bbox 883 2718 967 2766; x_wconf 87' lang='lat' dir='ltr'><strong>diu</strong></span> <span class='ocrx_word' id='word_1_124' title='bbox 987 2717 1167 2767; x_wconf 82' lang='lat' dir='ltr'><strong>florere</strong></span> <span class='ocrx_word' id='word_1_125' title='bbox 1186 2726 1431 2780; x_wconf 84' lang='lat' dir='ltr'><strong>nocentes,</strong></span> 
     </span>
     <span class='ocr_line' id='line_1_28' title="bbox 251 2794 1388 2862; baseline 0.004 -20"><span class='ocrx_word' id='word_1_126' title='bbox 251 2794 537 2860; x_wconf 84' lang='lat' dir='ltr'><strong>Vexarique</strong></span> <span class='ocrx_word' id='word_1_127' title='bbox 559 2797 697 2862; x_wconf 79' lang='lat' dir='ltr'><strong>pios3</strong></span> <span class='ocrx_word' id='word_1_128' title='bbox 730 2812 901 2847; x_wconf 86' lang='lat' dir='ltr'><strong>rursus</strong></span> <span class='ocrx_word' id='word_1_129' title='bbox 920 2797 1162 2847; x_wconf 81' lang='lat' dir='ltr'><strong>labefacta</strong></span> <span class='ocrx_word' id='word_1_130' title='bbox 1181 2797 1388 2847; x_wconf 79' lang='lat' dir='ltr'><strong>cadebat</strong></span> 
     </span>
    </p>
   </div>
  </div>
 </body>
</html>
