2100 3500
670 426 1148 511 GLAbDIANUS.
1503 485 1600 534 343

223 555 470 612 Vincitur,
490 565 544 606 et
563 560 707 622 primi
727 560 940 624 suspiria
959 564 1113 611 sentit
1130 559 1327 611 amoris.

217 635 363 684 Tune
385 636 661 702 ferrugineo
679 639 904 689 lacrimas
923 640 1364 705 detergitamictu,

218 715 288 763 Et
306 715 498 780 placida
514 726 752 767 maestum
770 717 958 768 solatur
973 735 1092 769 roos
1112 719 1327 768 dolorem
1343 739 1358 768 ε

283 798 299 823 ‘
314 795 496 845 Desine
518 796 724 847 funestis
743 799 973 856 animum,
992 798 1307 862 Proserpina,
1325 799 1475 857 curis,

218 877 287 926 Et
305 893 430 927 vano
450 895 629 928 vexare
650 887 801 929 metu.
867 881 1065 931 Maiora
1085 881 1338 930 dabuntur

217 956 442 1021 Sceptra,
459 973 548 1008 nec
567 959 759 1023 indigni
779 960 950 1009 taedas
973 963 1165 1025 patiere
1186 960 1369 1009 mariti.

217 1035 313 1085 Ille
332 1053 425 1102 ego
447 1036 647 1087 Saturni
671 1039 846 1103 proles,
866 1041 947 1088 oui
968 1040 1198 1089 machina
1218 1054 1383 1088 rerum

221 1115 400 1176 Servit,
419 1124 471 1166 et
485 1119 771 1167 immensum
792 1118 946 1167 tendit
967 1134 1058 1184 per
1077 1120 1223 1167 inane
1242 1126 1477 1182 potestas.

218 1195 472 1245 Amissum
493 1213 556 1246 ne
574 1197 718 1255 <tede
739 1196 881 1248 diem.
917 1198 1049 1248 Sunt
1070 1197 1228 1246 altera
1247 1196 1389 1247 nobis

220 1274 410 1336 Sidera,
430 1284 545 1326 sunt
563 1277 708 1325 orbes
735 1276 837 1339 alii,
882 1277 1149 1342 lumenque
1169 1276 1355 1326 videbis

225 1353 421 1421 Pur-ius,
463 1356 782 1420 Elysiumque
802 1357 962 1422 magis
981 1355 1223 1405 mirabere
1241 1355 1409 1416 solem,

218 1438 543 1506 Cultoresque
562 1442 685 1506 pios.
748 1439 859 1490 Illic
880 1442 1140 1505 pretiosior
1161 1450 1313 1501 aetna,

217 1521 392 1568 Aurea
410 1522 684 1587 progenies,
748 1517 955 1580 habitat,
999 1536 1285 1586 semperque
1307 1528 1545 1579 tenemus,

217 1599 365 1659 Quod
393 1601 562 1665 superi
580 1616 800 1650 meruere
820 1601 987 1651 semel.
1055 1600 1160 1650 Neo
1179 1599 1349 1649 mollia
1369 1599 1551 1648 desunt

217 1680 371 1728 Prata
390 1681 477 1729 tibi
504 1700 516 1729 z
558 1680 800 1745 Zephyris
817 1680 916 1729 illio
936 1680 1219 1729 melioribus
1240 1679 1410 1728 halant

216 1761 450 1825 Perpetui
468 1760 633 1823 flores,
653 1776 777 1824 quos
797 1777 886 1809 neo
907 1771 993 1811 tua
1014 1761 1221 1824 protulit
1242 1760 1437 1810 Henna.

219 1842 310 1891 Est
330 1843 479 1891 etiam
499 1841 622 1891 lucis
643 1842 792 1891 arbor
813 1842 1070 1906 praedives
1092 1842 1277 1906 opacis,

215 1920 482 1985 Fulgentes
506 1922 645 1970 viridi
667 1937 829 1970 ramos
850 1928 1057 1971 curvata
1077 1920 1292 1970 metallo.

219 2000 354 2049 Haeo
374 2000 463 2049 tibi
486 2016 626 2051 sacra
644 2001 805 2064 datur,
856 2000 1260 2064 fortunatumque
1282 1998 1471 2048 tenebis

215 2081 526 2130 Autumnum
564 2090 616 2130 et
635 2081 783 2130 fulvis
807 2096 999 2144 semper
1020 2080 1245 2129 ditabere
1266 2079 1438 2144 pomis·

276 2160 442 2209 Parva
476 2161 663 2225 loquor.
720 2159 973 2225 Quidquid
1005 2159 1225 2225 liquidus
1259 2157 1598 2222 complectitur

404 2256 508 2299 aer,

215 2317 467 2381 Quidquid
484 2318 574 2367 alit
587 2317 746 2376 tellus,
762 2316 998 2382 quidquid
1016 2317 1136 2367 salis
1153 2331 1367 2381 aequora
1384 2324 1597 2368 verrunt.

215 2397 362 2456 Quod
382 2395 521 2446 fluvii
543 2396 760 2454 volvunt,
781 2397 912 2461 quod
936 2399 1188 2447 nutrivere
1207 2396 1430 2461 paludes,

214 2477 407 2527 Cuncta
429 2478 528 2526 tuis
549 2477 733 2541 pariter
750 2477 924 2526 oedent
943 2476 1177 2526 animalia
1197 2477 1381 2541 regniS,

213 2556 403 2605 Lunari
424 2556 644 2606 subiecta
662 2556 827 2621 globo,
848 2558 934 2620 qui
955 2558 1190 2621 septimus
1223 2570 1371 2603 auras

212 2637 392 2686 Ambit
428 2645 478 2686 et
499 2637 712 2685 aeternis
733 2637 961 2701 mortalia
982 2643 1182 2700 separat
1202 2635 1366 2683 astris.

279 2716 383 2765 Sub
406 2724 493 2765 tua
511 2716 748 2781 purpurei
768 2717 961 2765 venient
978 2716 1189 2780 vestigia
1208 2729 1364 2778 reges·

214 2798 451 2861 Deposito
472 2796 614 2857 luxu,
635 2795 782 2844 turba
804 2811 916 2844 cum
936 2810 1153 2860 paupere
1173 2793 1337 2842 misti}

214 2876 396 2926 Omnia
416 2889 549 2924 mors
570 2883 767 2940 aequat.
835 2872 915 2922 Tu
935 2873 1230 2923 damnatura
1251 2881 1498 2933 notenses,
