2100 3500
541 437 600 492 73
824 431 1289 474 ANTHozoou
1338 434 1623 474 zamam.

540 525 710 587 Atque
731 522 859 572 alius
880 524 1035 572 latum
1057 523 1213 572 funda
1236 525 1330 572 iam
1356 524 1582 574 verberat
1600 539 1808 581 amnem,

538 602 663 652 Alta
684 611 874 667 petens,
896 603 1169 668 pelagoque
1190 604 1317 651 alius
1337 603 1493 652 trahit
1514 602 1717 651 humida
1738 602 1858 652 lina.

539 682 670 730 Tum
695 684 815 731 ferri
839 684 976 747 rigor
996 692 1146 746 atque
1167 690 1371 747 argutae
1388 682 1574 731 lamina
1594 698 1840 742 serrae,—

539 761 669 811 Nam
689 763 835 826 primi
856 763 1023 811 cuneis
1042 762 1329 811 scindebant
1349 762 1500 810 fissile
1521 761 1774 826 liguum—

537 841 667 889 Tum
689 843 850 889 variae
867 857 1041 891 venere
1063 849 1214 890 artes.
1275 840 1441 890 Labor
1459 842 1624 889 omnia
1644 842 1761 888 vicit

536 920 782 987 Inprobus
803 929 855 971 et
874 922 1012 970 duris
1033 936 1252 987 urguens
1272 922 1324 969 in
1345 921 1494 969 rebus
1511 927 1724 985 egestas.

1549 1016 1594 1049 v.
1620 1006 1643 1049 1
1654 1005 1730 1049 18·
1742 1007 1848 1050 146.

1158 1119 1278 1154 bxv.

1081 1214 1127 1260 A
1158 1212 1353 1264 Storm.

629 1380 635 1385 .
661 1370 667 1382 ,
717 1354 722 1364 «
784 1320 914 1370 UID
934 1328 1247 1386 tempestates
1265 1320 1490 1369 autumni
1500 1325 1554 1369 et
1564 1319 1726 1369 sidera
1741 1321 1929 1376 dimum

615 1388 730 1481 §2¹22
749 1454 773 1473 «-
820 1402 1006 1464 Atque,
1023 1400 1110 1449 ubi
1123 1401 1220 1448 iam
1232 1398 1525 1463 breviorque
1540 1398 1645 1448 dies
1656 1406 1712 1448 et
1723 1399 1922 1449 mollior

533 1640 709 1707 Spicea
731 1643 825 1689 iam
849 1640 1034 1704 campis
1054 1655 1167 1687 cum
1188 1641 1360 1688 messis
1380 1640 1645 1702 inhorruit,
1665 1647 1718 1688 et
1738 1656 1849 1689 cum

532 1721 804 1772 Frumento.
823 1722 872 1772 in
896 1719 1041 1770 viridi
1064 1720 1246 1785 stipula
1266 1719 1497 1769 lactentia
1520 1728 1723 1785 turgent
1742 1721 1766 1768 Ρ

535 1800 691 1866 Saepe
712 1817 821 1866 ego,
836 1816 947 1849 cum
970 1799 1112 1849 flavis
1133 1815 1395 1848 messorem
1420 1801 1669 1848 induceret
1691 1802 1821 1849 arvis

531 1881 769 1946 Agricola
789 1889 841 1929 et
862 1879 1030 1945 fragili
1054 1881 1150 1928 iam
1174 1881 1439 1945 stringeret
1463 1881 1648 1929 hordea
1666 1881 1842 1937 culmo,

531 1961 711 2009 Omnia
730 1969 987 2008 ventorum
1008 1975 1301 2010 concurrere
1320 1960 1508 2024 proelia
1528 1961 1647 2018 vidi,

531 2038 671 2100 Quae
692 2040 945 2104 gravidam
965 2039 1067 2087 late
1090 2047 1302 2102 segetem
1325 2039 1389 2088 ab
1409 2039 1656 2089 radicibus
1674 2040 1787 2089 imis

533 2118 801 2167 Sublimem
822 2117 1080 2182 expulsam
1100 2127 1362 2183 eruerent3
1396 2119 1468 2167 ita
1487 2118 1685 2168 turbine
1705 2120 1846 2184 nigro

530 2197 707 2247 Ferret
742 2198 931 2262 hiemps
956 2197 1268 2263 culmumque
1300 2198 1454 2247 levem
1490 2199 1793 2264 stipulasque
1829 2214 1908 2245 vo·

721 2277 885 2326 lantis.

535 2356 691 2422 Saepe
706 2359 853 2407 etiam
870 2359 1144 2406 inmensum
1158 2359 1294 2407 eaelo
1306 2360 1442 2407 venit
1453 2372 1629 2424 agmen
1651 2372 1905 2423 aquarum,

531 2437 598 2487 Et
616 2438 808 2486 foedam
830 2438 1104 2503 glomerant
1124 2446 1463 2504 tempestatem
1487 2439 1725 2488 imbribus
1747 2441 1866 2488 atris

532 2514 773 2566 Colleetae
794 2532 860 2565 ex
878 2517 978 2565 alto
997 2517 1153 2566 nubes
1170 2536 1184 2581 3
1217 2519 1321 2566 ruit
1339 2518 1524 2568 arduus
1546 2519 1734 2581 aether,

531 2593 598 2642 Et
616 2596 784 2659 pluvia
802 2597 993 2661 ingenti
1013 2606 1122 2645 sata
1137 2597 1268 2646 laeta
1287 2599 1533 2662 boumque
1552 2599 1744 2648 labores

533 2672 724 2739 Diluit3
758 2676 1006 2739 inplentur
1027 2677 1204 2737 fossae,
1225 2685 1276 2726 et
1297 2693 1417 2726 cava
1437 2680 1639 2727 flumina
1659 2686 1879 2728 creseunt

532 2750 660 2801 Cum
682 2758 860 2817 sonitu,
883 2757 1138 2819 fervetque
1162 2758 1300 2807 fretis
1322 2759 1621 2822 spirantibus
1641 2774 1837 2823 aequor.

533 2829 648 2896 Ipse
666 2830 818 2882 Pater
837 2835 997 2883 media
1012 2835 1293 2885 nimborum
1315 2839 1366 2886 in
1385 2846 1527 2887 nocte
1546 2853 1749 2887 corusca
