2100 3500
755 397 890 441 ΡΜ
904 398 1099 442 urus.
1590 417 1628 464 9

308 493 400 540 Tr.
428 488 753 555 Egodieama
787 489 1024 540 ausmssta.
1093 488 1309 539 Utforis
1337 499 1598 542 oemvent

230 569 386 620 Tuus
404 579 602 635 gnatus,
621 577 882 634 postquam
903 568 1052 618 rediit
1072 584 1104 617 a
1123 584 1245 617 oena
1265 568 1482 628 domum,

232 649 459 699 Abinna
476 664 647 698 omnes
662 649 899 704 cubitum,
915 647 1338 699 condormivimua

231 728 517 778 Lucernam
540 728 668 778 forte
689 728 871 777 oblitus
888 727 1082 777 fueram
1102 730 1393 792 extinguere
1406 748 1421 779 ε

234 809 417 872 Atque
437 808 521 857 ille
539 808 783 858 exclamat
802 807 1064 873 derepente
1085 822 1386 858 maxumum.

313 891 400 937 ΤΙι.
434 888 560 948 Quis
580 887 725 936 homo
741 888 764 935 ἲ
798 903 864 936 an
883 902 1022 936 meus
1041 888 1263 952 gnatus?

312 973 397 1018 Tr.
943 967 1019 1025 St,
1043 974 1183 1032 tao03
1217 966 1441 1018 ausculta
1460 970 1617 1021 mode.

237 1049 337 1098 Ait
354 1049 543 1096 venisse
562 1047 701 1096 illum'
720 1049 773 1096 in
795 1049 976 1097 somnis
994 1047 1057 1096 ad
1080 1064 1132 1096 se
1154 1056 1417 1098 mortuom.

311 1132 399 1178 Th.
433 1128 624 1193 Nempe
643 1143 765 1192 ergo
787 1129 839 1176 in
861 1128 1085 1177 somnis?

311 1212 397 1257 Tr.
948 1208 1048 1258 Ita.
1115 1207 1202 1257 Set
1221 1209 1445 1258 ausculta
1464 1209 1621 1261 modo.

239 1289 338 1338 Ait
358 1287 499 1336 illum
519 1286 613 1337 hoo
631 1294 777 1351 pecto
795 1288 890 1337 sibi
910 1288 1093 1337 dixisse
1115 1297 1354 1339 mortuom

313 1372 400 1418 Th.
437 1368 501 1417 Iu
520 1368 702 1417 somnis
722 1367 745 1415 i>

313 1452 398 1497 Tr.
818 1445 1025 1504 Mirum,
1046 1448 1167 1510 quin
1188 1447 1410 1513 vigilanti
1431 1448 1628 1508 diceret,

243 1527 346 1587 Qui
366 1527 545 1576 abhinc
568 1527 828 1591 sexaginta
849 1528 991 1576 annis
1012 1528 1200 1577 oocisus
1223 1529 1363 1578 foret.

244 1606 503 1656 Interdum
528 1607 691 1669 inepte
711 1605 892 1655 stultus
911 1622 983 1668 es,
1005 1606 1355 1672 Theuropides.

319 1690 409 1736 Th.
442 1685 623 1735 Taceo.

317 1770 399 1816 Tr.
609 1765 695 1815 Set
715 1781 849 1828 ecoe,
870 1781 996 1831 quae
1017 1767 1091 1817 illi
1112 1767 1195 1816 ille
1215 1767 1377 1831 inquit
1394 1779 1625 1819 mortuos.

247 1848 281 1876 “
305 1847 415 1911 Ego
438 1847 799 1897 transmarinus
819 1847 996 1912 hospes
1018 1864 1123 1896 sum
1144 1847 1471 1914 Diapontius3

249 1926 347 1975 Hic
369 1926 565 1988 habit03
603 1925 725 1975 haee
743 1926 867 1975 mihi
887 1926 1051 1976 dedita
1072 1934 1149 1976 est
1170 1926 1408 1976 habitatio
1428 1947 1443 1977 x

251 2005 382 2054 Nam
404 2021 483 2054 me
503 2005 847 2055 Acheruntem
865 2008 1083 2072 recipere
1107 2007 1265 2056 Orcus
1286 2007 1456 2066 noluit,

249 2084 382 2144 Quia
400 2093 714 2150 praemature
734 2088 839 2135 vita
858 2102 1020 2137 careo.
1086 2085 1185 2136 Per
1203 2086 1350 2135 fidem

249 2165 500 2230 Deceptus
522 2181 630 2215 sum
652 2186 667 2215 ε
703 2165 880 2231 hospes
899 2182 978 2215 me
999 2166 1083 2215 hic
1102 2169 1314 2224 necavit,
1335 2167 1473 2231 isque
1493 2182 1573 2215 me

254 2243 453 2294 Defodit
473 2245 771 2309 insepultum
792 2245 919 2295 clam
942 2247 994 2295 in
1013 2247 1146 2296 hisee
1168 2247 1386 2309 aedibus,

255 2324 521 2387 Scelestus,
539 2326 650 2373 nuri
670 2341 835 2375 eausa.
903 2325 1050 2376 Nune
1072 2335 1128 2376 tu
1148 2326 1261 2376 hine
1281 2328 1470 2391 emigra
1486 2346 1501 2376 ε

257 2403 497 2455 scelestae
518 2404 641 2454 haec
661 2404 845 2454 aedes?
879 2407 1078 2470 impis-st
1097 2405 1389 2454 habitatio.”

256 2483 395 2544 Quae
413 2484 496 2533 hie
515 2493 737 2534 monstra
757 2485 900 2548 fiunt,
918 2501 1048 2535 anno
1071 2487 1161 2534 vix
1180 2500 1373 2549 possum
1396 2484 1574 2550 eloqui.

322 2568 410 2614 Th.
448 2563 507 2614 St
529 2571 594 2613 st.

324 2647 405 2692 Tr.
536 2642 670 2702 Quid
690 2644 889 2693 obsecto
909 2643 1072 2693 hercle
1094 2644 1327 2693 factumst
1341 2644 1365 2692 ἰ’

325 2726 409 2773 Th.
1179 2724 1476 2786 Concrepuit
1499 2724 1619 2774 foris

324 2802 406 2850 Tr.
439 2798 661 2849 Haecine
679 2800 998 2864 percussust?
1034 2808 1229 2865 guttam
1249 2801 1373 2851 haut
1393 2802 1550 2852 habeo

507 2880 794 2944 sauguinis*
